3023 5045
320 442 451 491 mn.
481 430 605 511 11.]
774 448 1007 497 essm
1054 450 1313 500 amun
1356 452 1790 504 Anemonem.
2089 444 2224 509 215

316 624 777 672 convenarum
826 610 1242 693 frequentia,
1292 631 1497 676 omne
1543 612 1640 676 ibi
1685 612 1862 676 adeo
1911 614 2220 680 abundat

314 709 851 787 mercimonium,
912 717 997 773 ut
1059 712 1232 775 nihil
1302 712 1568 777 frustra
1625 712 1974 777 desideres
2027 715 2214 795 quod

312 804 609 873 humano
667 812 829 874 usui
886 810 1319 876 conducibile
1378 813 1762 877 existimes.
1897 812 2214 878 Plurima

312 905 457 988 eju-s
486 909 815 992 insignia,
860 918 1005 974 tam
1049 912 1126 974 in
1167 913 1340 977 urbe
1382 911 1507 976 illa
1549 932 1760 995 quam
1807 913 1882 975 in
1921 912 2218 978 finitima

310 1008 609 1087 regione,
662 1012 1012 1089 visuntur,
1055 1029 1214 1094 quae
1264 1013 1511 1077 melius
1554 1012 2036 1095 indigenarum
2087 1034 2208 1079 ore

308 1124 510 1187 quam
536 1119 779 1175 nostro
806 1112 996 1194 stylo
1023 1104 1041 1141 ¹
1054 1113 1463 1195 pinguntur.

404 1208 441 1291 §
470 1208 623 1274 135.
673 1210 977 1294 Propter
1024 1205 1051 1242 ²
1064 1211 1212 1277 haec
1260 1220 1416 1277 tota
1460 1212 1746 1295 Europa
1777 1212 2020 1277 laudes
2051 1213 2208 1297 ejus

306 1308 755 1389 praedicabat,
805 1312 1139 1377 virtutem
1194 1314 1270 1375 in
1310 1312 1568 1377 coelum
1611 1311 1922 1376 ferebat:
1967 1312 2206 1379 felices

304 1426 377 1469 se
426 1428 631 1491 reges
680 1410 1093 1493 alienigenae
1157 1432 1300 1477 non
1348 1412 1530 1477 falso
1583 1414 1934 1495 putabant
1987 1414 2050 1475 si
2091 1414 2206 1479 vel

302 1505 661 1585 affinitate,
707 1512 823 1577 vel
868 1512 1296 1590 muneribus5
1348 1513 1503 1597 ejus
1549 1512 1892 1576 amicitias
1935 1532 2202 1577 merca-

300 1606 991 1676 rentur.³Ha1-oldus
1010 1612 1319 1695 quidam,
1330 1632 1455 1677 rex
1476 1612 1919 1690 Noricorum,
1927 1614 2120 1677 misit
2135 1615 2204 1678 ei

230 1798 237 1804 θ
298 1706 571 1787 navem,
600 1720 833 1776 rostra
858 1732 1073 1777 aurea
1098 1721 1173 1778 et
1196 1712 1431 1777 velum
1470 1732 1900 1795 purpureum
1942 1713 2199 1778 huben—

298 1814 457 1887 tem,
490 1811 713 1878 densa
752 1802 1104 1877 testudine
1148 1813 1530 1897 clipeorum
1567 1814 2047 1878 inauratorum
2090 1814 2198 1877 in·

298 1910 637 1978 trinsecus
714 1913 1319 1996 circumgyratam.
1467 1912 1847 1977 Missorum
1917 1914 2200 1978 nomina

294 2006 485 2075 fuere
526 2011 853 2095 Helgrim
894 2021 967 2077 et
1015 2013 1278 2091 Osfrid,
1325 2014 1472 2096 qui,
1529 2014 1860 2095 regaliter
1902 2014 1978 2077 in
2027 2014 2198 2079 urbe

295 2108 615 2177 Eboraca
641 2115 974 2196 suscepti,
1005 2107 1363 2179 *sudorum
1388 2114 1986 2197 peregrinationes
2015 2133 2196 2195 proe-

294 2210 447 2273 miis
520 2213 923 2277 decentibus
991 2222 1368 2279 extersere.
1483 2212 1838 2277 Henricus
1908 2214 2196 2296 primus,

292 2302 499 2375 ⁵filius
536 2312 868 2392 Conradi,
890 2312 1128 2400 (multi
1158 2314 1343 2377 enim
1372 2313 1582 2398 hujus
1611 2313 1912 2377 nominis
1939 2311 2196 2399 fuere,)

293 2430 417 2474 rex
444 2411 988 2490 Teutonicorum
1018 2422 1093 2479 et
1132 2416 1511 2498 imperator
1547 2414 2049 2491 Romanorum,
2079 2434 2194 2479 so·

293 2529 517 2577 rorem
534 2507 715 2599 ⁶ejus
732 2514 878 2580 filio
889 2514 1154 2581 Othoni
1168 2513 1670 2599 expostulavit,
1681 2521 1792 2580 tot
1805 2515 1880 2580 in
1899 2513 2195 2580 circuitu

291 2613 571 2696 regibus
613 2617 1124 2697 praetermissis,
1166 2617 1526 2698 progeniei
1555 2616 2094 2699 generositatem
2123 2623 2197 2680 et

292 2713 505 2778 animi
549 2716 1099 2798 magnitudinem
1144 2717 1219 2779 in
1269 2717 1684 2780 Ethelstano
1725 2737 1766 2780 e
1811 2717 2194 2798 longinquo

292 2816 758 2897 conspicatus,
880 2815 1083 2882 Adeo
1138 2818 1321 2881 enim
1370 2816 1524 2881 haec
1572 2817 1712 2880 duo
1763 2816 1840 2879 in
1891 2835 1974 2880 eo
2024 2835 2192 2879 con-

289 2915 597 2980 sentiens
638 2917 1113 2982 habitaculum
1156 2917 1552 2994 effecerant,
1605 2923 1688 2980 ut
1727 2915 1962 2980 nullus
2009 2924 2196 2980 esset

287 3016 399 3079 vel
424 3036 679 3098 genere
712 3018 964 3082 clarior
992 3024 1063 3081 et
1083 3017 1444 3095 illustrior,
1474 3017 1589 3081 vel
1605 3017 1839 3080 animo
1863 3015 2194 3080 audacior

288 3122 358 3178 et
424 3115 788 3182 efficacior.
929 3116 1167 3196 Quare
1233 3136 1574 3200 perpenso
1633 3115 1948 3194 consilio,
2005 3117 2193 3198 quod

288 3224 589 3298 quatuor
622 3237 895 3282 sorores
924 3217 1237 3296 haberet,
1281 3219 1356 3282 in
1384 3217 1636 3300 quibus
1665 3222 1920 3300 praeter
1963 3217 2194 3280 aetatis

287 3316 655 3382 discrimen
696 3319 870 3382 nihil
914 3320 1000 3383 de
1046 3319 1287 3383 formae
1333 3319 1566 3400 gratia
1602 3316 1990 3394 dissideret,
2021 3316 2196 3381 duas

356 3557 735 3624 wewam]
786 3523 1215 3624 0.1>.12.;1›1111·⁴
1264 3558 2191 3626 119—121.(Hist.§Reg.N01-veg.

288 3634 486 3693 gentnr,
509 3631 576 3680 A.
599 3631 659 3681 S.
680 3630 743 3680 L.
1261 3629 1419 3713 opera
1450 3630 1710 3681 Ger-hardi
1741 3630 2019 3692 Schiining,
2042 3631 2193 3680 Hau-

354 3699 888 3765 ’Hoe0...]cDE;
921 3699 1126 3764 hoc,A.
1151 3701 1212 3752 S.
1260 3703 1381 3763 niae,
1406 3697 1581 3766 1777.)

284 3772 347 3822 L.
1333 3769 1611 3820 ‘Sudor-um
1620 3769 2055 3834 meminationes.
2061 3763 2083 3838 ]
2104 3771 2191 3831 E.;

352 3839 377 3873 ⁸
398 3841 655 3890 Har-oldus
682 3839 899 3904 quidam,
929 3855 1023 3890 rex
1059 3839 1214 3890 Nori-
1260 3842 1472 3892 sudores
1504 3840 1947 3922 peregrinationis,
1980 3840 2051 3889 D.
2075 3841 2188 3899 Μ.;

281 3927 462 3962 cmm.
476 3912 501 3976 ]
575 3911 778 3960 Hal-ald
834 3911 881 3974 1,
936 3911 1209 3961 sut-named
1260 3912 1496 3962 sudorem
1518 3911 1960 3975 peregrinationis,
1971 3909 2041 3961 A.
2061 3911 2119 3962 S.
2125 3913 2187 3961 G.

282 3981 559 4044 Hfirfager,
567 3983 695 4044 king
709 3981 769 4030 of
780 3981 1025 4044 Norway.
1060 3981 1209 4030 Com·
1260 3982 1324 4031 L.

280 4067 405 4114 pare
428 4053 513 4102 the
528 4056 747 4102 account
765 4052 826 4101 of
840 4052 1086 4102 Harald’s
1102 4065 1207 4100 em·
1328 4049 1350 4080 ⁶
1372 4051 1542 4101 Filius
1580 4044 1844 4119 eom-adt]
1879 4051 1976 4100 See
2015 4056 2187 4114 antea,

283 4123 437 4186 bassy
458 4129 511 4172 to
533 4123 676 4184 King
690 4119 992 4173 Aethelststn
1013 4123 1068 4170 in
1088 4127 1204 4174 9³1.
1259 4137 1312 4183 p.
1336 4126 1454 4184 168,
1474 4126 1591 4171 note
1617 4119 1652 4172 ¹.

281 4193 480 4258 Snorre,
497 4193 726 4243 Haralds
747 4194 883 4256 Sagu‘
902 4207 993 4243 ens
1016 4193 1205 4242 Har-fa·
1328 4189 1351 4223 ⁶
1372 4186 1542 4261 Ejus]
1589 4193 1650 4242 C.
1669 4191 1740 4241 D.
1759 4192 1823 4242 Ε.
1843 4192 1904 4241 L.
1924 4209 1939 4254 3
1972 4193 2107 4256 ejus,
2129 4197 2188 4241 ut

280 4279 390 4328 gra,
426 4283 471 4316 c.
493 4275 853 4316 κει-κιαι.
884 4268 1007 4316 tom.
1042 4277 1080 4314 1.
1110 4279 1199 4326 pp.
1256 4268 1373 4313 ante
1394 4264 1588 4313 dietum
1607 4267 1708 4325 est,
1727 4261 1797 4312 A.
1819 4263 1876 4313 S.
