3023 5045
871 509 1004 573 278
1321 522 1550 571 essu
1597 522 1850 569 nucum
1900 519 2350 593 Aucnoiwm.
2487 503 2660 584 [mn.
2696 518 2776 563 11.

874 682 1282 763 tingendum
1332 687 1632 763 aptaret,
1679 678 2094 742 videbantur
2137 696 2374 741 omnes
2417 676 2558 739 illae
2601 676 2777 739 ima-

877 783 1072 865 gines
1142 782 1483 867 prosilire,
1549 787 1620 843 et
1671 780 2004 861 impetum
2057 778 2131 839 in
2204 784 2776 860 praesumptorem

876 884 1127 947 facere.
1220 882 1381 961 Quo
1410 882 1658 945 timore
1695 897 1977 963 pressus
2007 875 2416 955 Gerbertus,
2443 878 2776 941 ambitum

880 1002 1082 1047 suum
1112 983 1322 1065 fregit
1350 1002 1368 1046 ς
1414 982 1537 1046 sed
1567 1000 1708 1058 non
1753 978 2088 1044 abstinuit
2113 979 2576 1042 cubicularius
2611 979 2778 1060 quin

881 1083 1215 1147 mirabilis
1261 1082 1535 1146 artificii
1581 1079 1961 1157 cultellum,
2006 1098 2209 1161 quem
2259 1097 2514 1142 mensae
2559 1079 2780 1161 impo-

884 1184 1096 1247 situm
1134 1177 1153 1215 ¹
1169 1183 1457 1260 videret,
1513 1182 1902 1264 abriperet;
1949 1178 2326 1243 arbitratus
2375 1177 2668 1255 scilicet,
2711 1178 2785 1241 in

885 1291 1085 1347 tanta
1133 1283 1393 1366 praeda,
1440 1301 1735 1365 parvum
1784 1280 2222 1344 latrocinium
2271 1297 2478 1362 posse
2540 1278 2784 1343 latere.

886 1383 1153 1448 Verum
1215 1402 1381 1447 mox
1440 1382 1758 1447 omnibus
1816 1381 2234 1461 imaginibus
2293 1399 2450 1443 cum
2503 1376 2785 1443 fremitu

886 1483 1445 1565 exsurgentibus,
1474 1502 1650 1565 puer
1689 1500 1989 1565 quoque,
2041 1481 2294 1544 emissa
2336 1478 2672 1543 arundine
2717 1480 2788 1542 in

887 1584 1401 1661 carbunculum,
1432 1583 1754 1647 tenebras
1785 1581 2063 1645 induxit
2088 1601 2106 1661 ;
2139 1588 2233 1657 et,
2255 1579 2390 1643 nisi
2413 1579 2532 1643 ille
2561 1580 2783 1643 moni-

890 1692 968 1748 tu
999 1683 1259 1748 domini
1290 1683 1645 1748 cultellum
1684 1682 1968 1766 rejicere
2013 1681 2488 1757 accelerasset,
2536 1699 2790 1763 graves

890 1786 1094 1848 ambo
1136 1803 1383 1867 poenas
1430 1783 1806 1847 dedissent.
1863 1868 1867 1871 ,
1909 1781 2025 1845 Sic
2068 1782 2401 1846 insatiata
2443 1781 2788 1864 cupidita-

892 1885 982 1949 tis
1018 1885 1375 1966 voragine,
1403 1883 1676 1948 laterna
1719 1902 2001 1966 gressus
2035 1883 2352 1959 ducente,
2386 1882 2786 1945 discessum.

891 1984 1098 2049 Talia
1145 1984 1339 2048 illum
1386 1985 1698 2049 adversis
1740 1983 2117 2065 praestigiis
2162 1981 2632 2046 machinatum
2679 1982 2788 2046 fu-

891 2084 1053 2163 isse,
1072 2091 1401 2149 constans
1430 2084 1628 2167 vulgi
1657 2084 1889 2167 opinio
1923 2076 2087 2147 ²est.
2192 2082 2700 2161 Veruntamen,
2731 2083 2790 2145 si

893 2186 1048 2268 quis
1071 2205 1310 2250 verum
1341 2184 1710 2268 diligenter
1739 2184 2126 2267 exsculpat,
2142 2183 2405 2248 videbit
2432 2203 2560 2247 nec
2591 2182 2791 2247 Salo-

892 2306 1188 2363 monem,
1221 2287 1333 2350 cui
1361 2286 1556 2351 Deus
1601 2286 1750 2368 ipse
1783 2285 2049 2349 dederit
2081 2284 2513 2365 sapientiam,
2545 2283 2791 2368 hujus-

894 2406 973 2451 ce
1010 2387 1302 2450 iuscium
1349 2387 1718 2451 commenti
1769 2384 2007 2463 fuisse,
2060 2392 2139 2449 ut
2187 2385 2384 2477 enim·
2404 2376 2793 2468 ³Josephus

894 2495 1141 2552 auctor
1174 2494 1318 2552 est:
1374 2487 1739 2554 thesauros
1785 2486 2042 2551 multos
2089 2505 2244 2550 cum
2287 2492 2488 2569 patre
2532 2484 2802 2550 defodit

892 2589 966 2651 in
1018 2587 1287 2664 loculis,
1339 2590 1459 2671 qui
1515 2595 1713 2652 erant
1779 2583 2074 2673 (inquit)
2138 2586 2539 2668 mechanico
2585 2587 2793 2651 modo

894 2689 1231 2752 reconditi
1258 2691 1386 2753 sub
1416 2696 1620 2752 terra.
1693 2687 1845 2752 Nec
1880 2688 2292 2763 Hircanum,
2321 2687 2693 2770 prophetia
2725 2696 2795 2752 et

865 2789 1298 2856 tortitudine
1325 2788 1612 2864 clarum,
1645 2788 1788 2871 qui,
1830 2796 1912 2852 ut
1939 2788 2316 2854 obsidionis
2369 2786 2641 2852 levaret
2685 2789 2791 2852 in-

886 2889 1171 2973 juriam,
1221 2889 1306 2952 de
1361 2888 1595 2953 David
1645 2887 2012 2971 sepulchro
2059 2889 2198 2954 tria
2247 2887 2468 2952 millia
2526 2889 2794 2952 talenta

888 2990 1048 3053 auri
1096 2995 1245 3053 arte
1292 2988 1691 3053 mechanica
1741 2990 1946 3066 eruit,
2001 2995 2081 3052 ut
2128 2988 2474 3052 obsessori
2524 2996 2796 3070 partem

898 3096 1352 3166 enumeraret,
1400 3096 1600 3172 parte
1655 3089 2091 3153 xenodochia
2134 3095 2589 3152 construeret.
2696 3087 2797 3153 At

896 3209 1063 3253 vero
1121 3189 1463 3267 Herodes,
1529 3190 1650 3271 qui
1699 3190 1923 3272 magis
1984 3190 2524 3271 praesumptione
2585 3209 2796 3272 quam

897 3289 1187 3358 consilio
1237 3290 1417 3353 idem
1467 3289 1755 3371 aggredi
1797 3289 2120 3366 voluerit,
2148 3289 2402 3353 multos
2449 3309 2540 3352 ex
2586 3291 2797 3354 satel-

896 3389 1158 3467 litibus,
1177 3390 1338 3472 igne
1360 3409 1451 3453 ex
1476 3390 1787 3454 interiori
1813 3397 2014 3473 parte
2032 3389 2437 3472 prodeunte,
2467 3390 2798 3455 amiserit.

900 3489 1254 3554 Praeterea
1285 3510 1439 3554 cum
1475 3490 1682 3554 audio
1714 3484 2127 3554 *Dominum
2152 3489 2198 3554 J
2203 3509 2396 3554 esum
2431 3490 2799 3568 dicentem,

899 3595 919 3624 ‘
942 3589 1156 3662 Pater
1184 3609 1377 3657 meus
1409 3610 1631 3672 usque
1658 3590 1865 3654 modo
1889 3596 2240 3673 operatur,
2263 3598 2334 3654 et
2352 3611 2483 3672 ego
2505 3592 2802 3673 operor,'

897 3692 1103 3758 credo
1146 3692 1330 3774 quod
1374 3691 1493 3774 qui
1543 3691 1809 3756 dederit
1853 3691 2205 3756 Salomoni
2233 3691 2562 3755 virtutem
2593 3711 2798 3775 super

898 3791 1268 3869 daemoneS,
1300 3799 1381 3855 ut
1404 3790 1590 3855 ‘idem
1620 3790 2219 3874 historiographus
2264 3799 2592 3869 testatur,
2627 3793 2798 3857 adeo

897 3899 977 3956 ut
1006 3892 1195 3956 dicat
1228 3891 1437 3956 etiam
1482 3911 1611 3956 suo
1657 3899 1965 3974 tempore
2009 3891 2222 3956 fuisse
2265 3892 2452 3956 viros
2489 3893 2614 3974 qui
2647 3893 2798 3958 illos

967 4127 984 4158 ¹
1012 4124 1253 4199 Videt-et]
1272 4133 1437 4192 E.L.;
1459 4131 1822 4196 viderat‚A.S.
1871 4132 2026 4214 plius,
2057 4131 2236 4192 Antiq.
2263 4129 2391 4181 Jud.
2414 4130 2505 4179 lib.
2530 4145 2624 4182 v11.
2651 4147 2698 4181 c.
2723 4136 2801 4193 1⁵,

894 4200 1148 4332 ,agiam
1174 4271 1231 4318 s.
1246 4273 1323 4320 c,
1346 4271 1414 4321 D.
1439 4273 1503 4321 E.
1519 4273 1585 4321 Ι..
1605 4288 1618 4332 ;
1642 4273 1736 4335 ait,
1753 4271 1819 4321 A.
1873 4203 1964 4302 ¹le
1985 4205 2297 4334 ῈᾎῙωὶιῗιῖαῗὲιᾼ
2341 4270 2408 4320 Α.
2436 4271 2495 4321 s,
2523 4273 2585 4320 c.
2609 4273 2677 4322 D.
2699 4273 2799 4332 E.;

967 4339 987 4368 ³
1020 4340 1261 4405 «Iosephus
1303 4347 1470 4390 auctor
1510 4344 1629 4406 est-J
1677 4345 1822 4394 Jose·
1873 4343 2151 4392 Dominum
2172 4355 2362 4403 meum,
2381 4342 2444 4390 L.
