3023 5045
785 491 874 555 94
1237 507 1464 554 essm
1516 506 1767 554 ascum
1818 495 2240 554 Anemonem.
2434 491 2605 573 [nm.
2644 505 2695 552 1.

785 671 858 728 et
888 653 1222 729 educatus
1263 664 1555 742 fueram,
1612 671 1683 727 et
1731 671 2063 746 praeesset
2113 665 2456 729 thesauris
2506 665 2698 747 sapi-

783 766 994 829 entiae
1024 765 1097 829 in
1139 765 1388 848 quibus
1427 785 1539 829 me
1570 757 1933 845 ¹magister
1977 783 2171 828 meus
2212 765 2505 829 dilectus
2551 766 2697 847 Eg-

789 865 1025 928 bertus
1071 865 1627 949 archiepiscopus
1670 864 2011 928 haeredem
2062 865 2390 946 reliquit?
2511 864 2695 930 Item

787 957 812 996 ²
827 964 1094 1029 Karolo
1117 963 1483 1047 Augusto:
1532 971 1553 999 ‘
1576 965 1761 1028 Date
1778 964 1945 1028 mihi
1962 963 2447 1047 exquisitiores
2467 966 2699 1029 erudi-

788 1065 996 1128 tionis
1041 1065 1474 1129 scholasticae
1520 1064 1813 1141 libellos,
1844 1065 2085 1147 quales
2113 1065 2187 1128 in
2215 1065 2445 1148 patria
2480 1064 2695 1129 habui

785 1183 911 1246 per
953 1166 1205 1228 bonam
1232 1172 1302 1228 et
1327 1163 1843 1229 devotissimam
1889 1164 2203 1247 magistri
2246 1165 2379 1228 mei
2407 1164 2696 1246 Egberti

787 1264 1284 1348 archiepiscopi
1309 1264 1742 1329 industriam.
1847 1263 1963 1342 Et,
1990 1265 2051 1328 si
2080 1264 2311 1347 placet
2328 1265 2695 1348 sapientiae

785 1371 1063 1442 vestrae,
1112 1365 1457 1430 remittam
1505 1365 1775 1447 aliquos
1826 1383 1917 1427 ex
1967 1364 2200 1447 pueris
2247 1366 2527 1443 nostriS,
2575 1367 2695 1448 qui

785 1465 1139 1547 excipiant
1184 1464 1346 1528 inde
1399 1485 1694 1547 quaeque
1760 1463 2171 1541 necessaria,
2232 1471 2303 1530 et
2356 1465 2695 1530 revehant

784 1565 858 1628 in
888 1565 1255 1630 Franciam
1283 1565 1486 1629 flores
1518 1565 1927 1641 Britanniae,
1958 1572 2030 1629 et
2061 1585 2201 1628 non
2244 1566 2337 1629 sit
2380 1572 2692 1630 tantumss

784 1665 991 1729 modo
1030 1666 1106 1728 in
1151 1665 1468 1730 Eboraca
1511 1665 1754 1728 hortus
1782 1664 2174 1743 conclusus,
2217 1665 2339 1729 sed
2382 1666 2594 1731 etiam
2622 1668 2695 1730 in

785 1765 1136 1830 Turonica
1165 1766 1567 1829 emissiones
1594 1764 1947 1848 paradisi.'

462 1892 716 1952 Amyntor
889 1865 1061 1948 §66.
1112 1864 1254 1930 Hic
1283 1872 1390 1930 est
1423 1863 1783 1930 Alcwinus
1815 1865 1958 1947 qui,
2002 1872 2084 1928 ut
2128 1864 2301 1943 dixi,
2339 1885 2468 1947 pro
2520 1885 2693 1948 pace

461 1943 631 1982 mmm·
788 1965 1180 2029 Franciam·
1199 1964 1474 2043 missuS‚
1521 1966 1617 2029 ibi
1660 1965 1843 2048 apud
1894 1964 2258 2043 Karolum‚
2303 1984 2425 2028 seu
2485 1973 2691 2030 terrae

783 2067 1185 2130 amoenitate
1215 2085 1338 2130 seu
1387 2066 1571 2148 regis
1616 2065 2048 2130 humanitate
2094 2071 2365 2148 cathS,
2393 2065 2688 2147 resedit;

781 2167 1154 2248 magnique
1179 2166 1364 2249 apud
1394 2185 1552 2230 eum
1580 2165 1857 2229 habitus
1882 2165 2309 2248 imperialem
2355 2167 2684 2244 animum,

780 2273 1117 2348 quantum
1164 2269 1252 2330 ab
1297 2266 1541 2330 aulicis
1584 2267 1767 2330 curis
1811 2267 2129 2342 vacabat,
2171 2265 2559 2343 dialectica,
2616 2275 2687 2331 et

781 2366 1148 2445 rhetorica,
1179 2373 1250 2432 et
1293 2367 1503 2432 etiam
1552 2366 1976 2430 astronomia
2020 2366 2233 2449 probe
2278 2369 2689 2448 composuit.

783 2467 956 2533 Erat
1003 2469 1187 2534 enim
1233 2467 1535 2532 omnium
1589 2465 2003 2550 Anglorum,
2037 2485 2211 2550 quos
2267 2466 2543 2549 quidem
2588 2469 2689 2533 le-

780 2569 1024 2651 gerim,
1061 2576 1221 2653 post
1260 2571 1539 2633 beatum
1570 2566 1963 2631 Aldelmum
1998 2575 2069 2631 et
2110 2568 2397 2645 Bedam,
2431 2568 2689 2633 doctis-

780 2670 1020 2747 simuS,
1051 2670 1422 2752 multisque
1454 2667 1650 2733 libris
1684 2668 1947 2750 ingenii
1979 2668 2360 2753 periculum
2389 2660 2613 2735 ³fecit.

886 2770 1064 2854 §62
1117 2769 1324 2847 Sane,
1379 2769 1708 2851 quoniam
1757 2769 1846 2832 ad
1893 2768 1964 2832 id
2015 2769 2322 2832 locorum
2373 2770 2689 2833 venimus

851 2970 869 3003 ¹
892 2973 1143 3035 Magister
1184 2986 1318 3021 meus
1358 2971 1567 3019 dilectu
1604 2972 1710 3033 Eg·
1830 2968 2058 3020 ²Karolo
2090 2970 2363 3035 Augusta]
2421 2972 2539 3022 Alc.
2586 2973 2691 3037 Op.

779 3043 947 3092 bertus
966 3036 1395 3109 archiepiscopum]
1429 3041 1594 3090 There
1616 3042 1710 3090 has
1760 3046 1930 3092 tom.1.
1945 3042 2045 3092 vol.
2058 3055 2096 3092 1.
2109 3057 2163 3104 p.
2176 3044 2257 3091 52.
2272 3042 2423 3103 epist.
2438 3054 2672 3094 xxxvm.

781 3114 910 3162 bee'n
923 3115 1068 3162 some
1091 3113 1251 3162 doubt
1277 3112 1555 3174 expressed
1577 3126 1636 3161 as
1657 3115 1710 3160 to
1834 3109 1855 3139 ³
1876 3112 2063 3175 Fecit]
2087 3111 2290 3162 A.E.L.
2311 3128 2326 3171 ;
2348 3112 2480 3161 after
2499 3114 2516 3141 ‘
2534 3113 2693 3177 fecit,'

781 3184 952 3233 which
973 3183 1032 3231 of
1057 3182 1290 3232 Alcuin’s
1323 3186 1536 3231 masters
1569 3182 1615 3230 is
1638 3182 1710 3230 al-
1763 3182 1822 3231 S.
1851 3183 1911 3232 C.
1934 3182 2013 3232 M.
2035 3182 2159 3231 read
2179 3183 2197 3210 ‘
2221 3182 2375 3232 Jacet
2394 3182 2449 3230 in
2470 3183 2692 3235 Francia

779 3254 940 3303 luded
975 3258 1028 3302 to
1064 3254 1118 3301 in
1152 3252 1253 3301 this
1285 3254 1450 3302 letter.
1520 3252 1712 3301 Alcuin
1760 3253 1901 3314 apud
1935 3253 2179 3302 Sanctum
2212 3252 2438 3302 Paulum
2475 3253 2543 3302 de
2566 3255 2693 3304 Cor-

781 3323 988 3373 studied
1009 3323 1172 3372 under
1191 3323 1311 3372 both
1328 3322 1586 3384 Ecgberht
1606 3322 1711 3371 and
1760 3323 1969 3384 marico,
1989 3322 2129 3385 quod
2156 3323 2444 3372 coenobium
2464 3323 2691 3375 Kal-olus

781 3394 864 3443 his
886 3408 1148 3443 successor
1170 3392 1519 3455 Aethelberht‚
1542 3406 1599 3441 as
1623 3392 1708 3441 the
1759 3407 1973 3455 magnus
1995 3394 2109 3455 ejus
2130 3393 2341 3443 consilio
2373 3396 2691 3457 construxit3

783 3464 965 3513 author
976 3464 1036 3513 of
1049 3464 1129 3512 his
1141 3463 1230 3511 life
1241 3463 1437 3512 writes:
1461 3463 1709 3525 ‘Ecgber·
1759 3464 1896 3513 unde
1938 3462 2193 3524 hodieque
2247 3467 2467 3524 quatuor
2518 3478 2690 3514 mona-

782 3539 855 3595 ῢο,
885 3539 958 3584 a0.
992 3538 1111 3595 ⁷66,
1137 3537 1198 3582 13
1221 3534 1320 3584 cal.
1342 3533 1474 3583 Dec.
1497 3538 1711 3596 mortuo,
1758 3532 1967 3583 chorum
1987 3534 2155 3582 victus
2176 3537 2229 3581 et
2248 3537 2400 3595 potus
2420 3548 2515 3594 pro
2546 3536 2689 3597 ejus-

785 3602 1039 3653 Alcuinus
1071 3604 1242 3653 divino
1274 3618 1479 3653 munere
1503 3604 1707 3653 Elcber-
1758 3602 1874 3653 dem
1910 3604 2119 3653 Alcuini
2162 3604 2333 3653 anima
2376 3604 2689 3665 quotidianae

779 3678 887 3723 tum
925 3690 1016 3724 seu
1055 3674 1350 3723 Aelbertum
1387 3674 1500 3722 loco
1534 3674 1709 3723 amissi
1758 3673 1971 3724 infertur
2027 3674 2346 3724 eleemosinae
2400 3674 2455 3722 in
2508 3675 2690 3725 eadem

780 3746 1078 3808 magistrum
1091 3745 1325 3806 accepitss
1359 3744 1708 3805 Malmesbury
1758 3744 2011 3794 ecclesia!
2092 3744 2201 3793 The
2245 3757 2464 3805 passage
2509 3759 2691 3795 occurs

779 3816 900 3865 here
922 3816 1024 3865 and
1045 3814 1321 3864 elsewhere
1337 3815 1462 3863 calls
1483 3814 1590 3863 him
1606 3814 1710 3875 Eg·
1758 3814 1810 3862 in
1848 3814 1933 3864 the
1970 3815 2167 3876 margin
2205 3813 2259 3862 in
2290 3814 2363 3863 D.
2396 3814 2599 3864 written
2634 3817 2691 3865 in

778 3887 971 3948 bertus,
983 3886 1088 3935 and
1099 3885 1468 3935 identifieshim
1481 3883 1610 3933 with
1624 3884 1708 3933 the
1757 3884 1842 3933 the
1878 3899 2017 3934 same
2054 3884 2210 3933 hand.
2295 3884 2442 3933 Some
2478 3886 2692 3935 authors

780 3957 1083 4018 archbishop
1104 3956 1221 4005 who
1253 3955 1491 4005 obtained
1524 3953 1609 4004 the
1630 3969 1709 4004 re-
1758 3954 1915 4003 affirm
1944 3954 2056 4003 that
2077 3954 2267 4003 Alcuin
2288 3967 2403 4003 was
2430 3954 2616 4005 buried
2636 3958 2693 4005 in

780 4028 1020 4076 storation
1033 4027 1091 4076 of
1105 4026 1192 4075 the
1203 4025 1605 4087 archiepiscopal
1622 4038 1707 4074 see
1755 4023 1840 4073 the
1862 4026 2027 4086 abbey
2048 4024 2107 4073 of
2121 4024 2195 4074 St.
2220 4024 2413 4073 Martin
2427 4025 2493 4073 de
2508 4026 2699 4090 Tours,

781 4096 834 4145 in
870 4101 985 4147 ⁷3⁶.
1072 4096 1180 4145 The
1219 4095 1487 4157 similarity
1525 4094 1584 4144 of
1621 4094 1707 4144 the
1755 4095 1927 4145 where
1959 4095 2023 4144 he
2056 4094 2178 4143 died
2210 4094 2333 4145 18th
2352 4094 2525 4157 April,
2546 4097 2693 4147 AJ).

779 4180 972 4229 names,
1001 4166 1138 4215 often
1170 4166 1488 4215 confounded
1519 4166 1589 4227 by
1621 4164 1707 4214 the
1756 4169 1871 4215 804.
1943 4165 2018 4215 St.
2038 4165 2175 4213 Paul
2188 4164 2254 4213 de
2272 4164 2566 4215 cormarico
2578 4182 2695 4217 was

782 4237 1009 4287 Norman
1059 4237 1268 4298 scribes,
1311 4236 1405 4285 has
1457 4234 1706 4299 probably
1756 4250 1789 4284 a
1811 4235 1909 4284 cell
1930 4239 1983 4283 to
2004 4235 2115 4283 that
2147 4236 2328 4297 abbey.
2400 4233 2696 4301 (Bouquet‚

781 4307 932 4369 given
951 4307 1052 4358 rise
1073 4312 1126 4356 to
1147 4306 1232 4355 the
1254 4307 1503 4367 question.
1756 4310 1875 4356 tom.
1899 4320 1950 4356 ν.
1972 4321 2027 4367 p.
2049 4302 2191 4369 ⁵16⁵.)
