3023 5045
831 499 920 568 82
1270 513 1496 562 cusu
1546 511 1799 560 nucum
1848 510 2277 560 Anononuu.
2478 494 2652 577 [Lm.
2690 510 2741 557 1.

837 667 1291 737 ¹monasteria
1323 671 1577 736 ibidem
1610 671 2030 748 construxit,
2066 670 2361 735 alterum
2390 667 2611 746 Petri,
2634 667 2741 732 al-

835 781 1060 838 terum
1107 771 1314 837 Pauli
1369 771 1670 849 nomine,
1722 771 2041 840 caritatis
2075 776 2148 835 et
2184 769 2447 852 regulae
2484 770 2749 834 unione

837 893 976 938 non
1007 873 1499 956 discrepantia.
1606 870 1845 955 Hujus
1890 870 2303 936 industriam
2344 876 2416 933 et
2466 869 2743 951 patien-

838 973 1011 1038 tiam
1079 972 1446 1038 mirabitur
1497 971 1618 1054 qui
1680 971 1869 1053 leget
1929 964 2215 1034 ²librum
2276 989 2482 1053 quem
2544 967 2745 1033 Beda

839 1072 1229 1155 composuit
1275 1071 1362 1136 de
1404 1072 1557 1137 vita
1608 1071 1759 1155 ejus
1814 1077 1887 1134 et
1936 1071 2359 1153 reliquorum
2410 1069 2743 1133 abbatum

839 1189 1146 1237 suorum.
1285 1171 1737 1248 Industriam,
1820 1170 2007 1253 quod
2074 1170 2345 1253 copiam
2409 1169 2747 1233 librorum

842 1271 1230 1348 advexerit,
1291 1271 1477 1354 quod
1530 1270 1832 1335 artifices
1883 1269 2315 1353 lapidearum
2366 1269 2621 1333 aedium
2676 1275 2749 1334 et

842 1372 1219 1437 vitrearum
1255 1371 1712 1436 fenestrarum
1752 1371 2016 1453 primus
2075 1369 2378 1435 omnium
2412 1367 2753 1450 Angliam

841 1472 1192 1549 asciverit,
1248 1479 1470 1538 totum
1522 1489 1699 1554 pene
1742 1464 2005 1536 ³aevum
2057 1468 2507 1552 transigendo
2550 1488 2752 1552 pere-

843 1571 1161 1654 grinatus
1197 1591 1217 1651 3
1322 1572 1581 1654 quippe
1663 1570 1895 1636 studio
1966 1569 2351 1634 advehendi
2428 1569 2751 1651 cognatis

843 1672 1125 1755 aliquod
1175 1671 1533 1736 insolitum
1584 1690 1781 1735 amor
1829 1671 2077 1754 patriae
2126 1676 2200 1734 et
2248 1670 2579 1753 voluptas
2611 1671 2754 1734 ele-

844 1773 1104 1854 gantiae
1153 1789 1439 1854 asperos
1507 1771 1843 1835 fallebant
1906 1771 2220 1836 labores:
2288 1788 2511 1853 neque
2568 1770 2753 1834 enim

845 1878 1013 1934 ante
1079 1871 1534 1936 Benedictum
1601 1871 1859 1955 lapidei
1931 1871 2289 1934 tabulatus
2364 1870 2611 1934 domus
2678 1871 2753 1934 in

848 1970 1218 2035 Britannia
1274 1971 1410 2036 nisi
1467 1990 1755 2054 perraro
1812 1970 2248 2049 videbantur,
2305 1989 2531 2053 neque
2596 1990 2753 2052 per-

849 2071 1222 2153 spicuitate
1273 2071 1439 2136 vitri
1489 2078 1856 2155 penetrata
1905 2070 2131 2136 lucem
2182 2069 2445 2135 aedibus
2500 2065 2753 2134 solaris

840 2171 1151 2255 jaciebat
1182 2170 1445 2236 radiuS.
1552 2170 1999 2248 Patientiam,
2021 2170 2208 2253 quod
2224 2171 2299 2234 in
2316 2171 2759 2254 possessione

851 2271 1151 2334 coenobii
1216 2271 1441 2335 sancti
1490 2268 1871 2352 Augustini
1921 2270 2108 2354 apud
2160 2269 2617 2336 cantuariam
2664 2269 2757 2334 -li-

851 2370 1094 2434 beuter
1125 2369 1430 2434 venienti
1462 2363 1815 2435 4Adriano
1861 2371 2173 2448 cesserit,
2221 2390 2363 2434 non
2412 2371 2761 2436 reveritus

854 2471 1043 2535 beati
1109 2468 1460 2537 Theodori
1522 2470 2025 2555 archiepiscopi
2088 2469 2555 2554 supercilium,
2633 2471 2763 2538 sed

852 2578 1225 2636 veneratus
1260 2570 1764 2652 magisterium.
1869 2570 2100 2650 Quod,
2135 2572 2299 2636 dum
2332 2590 2457 2654 per
2491 2572 2763 2636 alienas

857 2677 1079 2734 terras
1147 2671 1441 2735 cursitat
1507 2670 1629 2735 diu.
1700 2673 1975 2749 absens,
2046 2672 2659 2736 subintroductum
2718 2692 2765 2736 a

854 2770 1211 2835 monachis
1277 2770 1741 2848 WirensibuS,
1809 2790 1885 2835 se
1952 2772 2369 2849 inconsulto,
2437 2773 2767 2837 abbatem

855 2870 1360 2953 aequanimiter,
1403 2871 1615 2935 immo
1681 2872 2238 2953 magnanimiter,
2304 2872 2567 2950 tulerit,
2637 2873 2780 2937 do-·

854 2990 1179 3053 mumque
1229 2990 1551 3035 reversus
1600 2972 1893 3054 parilem
1942 2972 2045 3035 illi
2094 2971 2425 3036 honorem
2473 2973 2546 3037 in
2598 2993 2769 3038 con·

855 3088 1054 3134 sessu
1104 3072 1177 3133 in
1229 3072 1415 3135 omni
1465 3090 1675 3153 porro
1727 3078 2075 3154 potestate
2126 3074 2763 3139 communicaverit.

859 3169 1050 3248 Quin
1073 3176 1143 3234 et
1162 3172 1344 3235 ictus
1379 3171 1689 3254 paralysi
1723 3178 1869 3235 tam
1900 3171 2131 3238 valide
2163 3181 2246 3237 ut
2277 3172 2450 3237 nihil
2485 3180 2769 3238 artuum

857 3271 921 3333 ei
956 3277 1140 3333 esset
1175 3270 1504 3348 flexibile,
1538 3272 1822 3336 tertium
1851 3274 2313 3350 constituerit,
2347 3273 2533 3356 quod
2558 3274 2773 3352 alter,

857 3370 943 3433 de
979 3390 1116 3452 quo
1150 3369 1478 3448 diximus,
1516 3370 1758 3435 eadem
1800 3392 1941 3436 non
1984 3373 2223 3437 mitius
2265 3373 2777 3455 decoqueretur

856 3469 1277 3535 valetudine.
1415 3469 1732 3555 Cumque
1805 3474 2085 3537 morbus
2164 3474 2555 3538 increscens
2612 3474 2776 3559 jam

855 3641 1028 3687 return
1048 3641 1102 3685 to
1123 3638 1361 3700 England
1381 3638 1445 3687 he
1477 3639 1716 3689 obtained
1752 3655 1785 3689 a
1831 3635 2071 3709 suot-amq
2110 3639 2256 3690 Beda
2276 3646 2435 3691 wrote
2456 3643 2540 3691 the
2563 3642 2699 3693 lives
2722 3645 2785 3694 of

856 3708 1203 3757 considerable
1213 3710 1447 3769 quantity
1459 3708 1519 3757 of
1530 3708 1652 3758 laud
1664 3725 1787 3760 near
1836 3710 2083 3760 Benedict
2105 3710 2293 3773 Biscop
2316 3712 2419 3760 and
2448 3712 2529 3761 his
2562 3728 2778 3764 succes-

854 3778 940 3827 the
961 3778 1136 3826 mouth
1156 3778 1214 3827 of
1228 3779 1313 3827 the
1333 3778 1508 3839 Wear,
1528 3778 1699 3829 where
1721 3780 1787 3829 he
1834 3794 1961 3842 sors,
2006 3779 2254 3830 Geolfrith
2289 3781 2391 3831 and
2427 3782 2781 3845 Huaetberht‚

853 3848 985 3897 built
997 3848 1083 3897 the
1098 3852 1201 3897 two
1217 3850 1543 3897 monasteries
1552 3849 1610 3897 of
1616 3850 1787 3899 which
1834 3852 2013 3899 abbots
2048 3850 2106 3898 of
2138 3851 2466 3901 Wearmouth
2515 3853 2619 3901 and
2651 3856 2693 3905 J
2696 3871 2782 3905 ar-

855 3916 920 3967 he
963 3932 1074 3967 was
1121 3919 1290 3969 abbot.
1381 3919 1466 3967 He
1506 3920 1628 3968 died
1667 3921 1784 3969 12th
1834 3935 1959 3982 row,
1986 3920 2041 3967 in
2061 3924 2164 3969 two
2184 3920 2378 3982 books;
2410 3923 2693 3984 published
2709 3927 2783 3988 by

855 3988 1088 4049 January
1103 3992 1220 4037 690.
1835 3991 1917 4038 Sir
1936 3992 2113 4040 James
2134 3990 2287 4041 Ware
2307 3992 2361 4040 in
2385 3996 2533 4056 1664,
2563 3995 2673 4043 and
2709 3997 2783 4058 by

929 4054 946 4085 ¹
960 4056 1261 4106 Μοπαεὲεήα
1274 4057 1452 4107 ibidem
1464 4059 1785 4123 construxit]
1837 4060 1932 4110 Dr.
1955 4060 2117 4109 Smith
2139 4060 2193 4110 in
2216 4064 2362 4112 1722.

856 4125 965 4175 The
1002 4128 1326 4178 monasteries
1360 4128 1418 4177 of
1456 4129 1784 4178 Wearmouth
1905 4127 1926 4157 ³
1948 4125 2173 4198 AEvmm]
2220 4133 2315 4191 E.;
2365 4130 2495 4181 after
2526 4131 2546 4160 ‘
2568 4138 2787 4200 aevum,'

857 4196 958 4245 and
978 4197 1197 4246 Jarrow.
1835 4197 1902 4248 A.
1916 4200 1973 4249 S.
1994 4202 2053 4249 G.
2075 4201 2143 4249 D.
2159 4201 2222 4251 L.
2237 4203 2314 4252 M.
2337 4202 2459 4251 read
2480 4202 2499 4231 ‘
2520 4204 2702 4255 talia.’-

926 4262 950 4295 ²
969 4267 1175 4315 Librum
1194 4283 1332 4330 quem
1354 4268 1492 4317 Beda
1525 4268 1787 4333 omnposuit
1874 4275 1889 4287 ‘
1906 4266 1927 4296 ⁴
1947 4269 2211 4335 Adriano]
2246 4272 2341 4322 See
2374 4277 2541 4335 antea,
2580 4280 2706 4327 note
2744 4276 2783 4341 ³,

857 4338 916 4385 de
937 4338 1040 4385 vita
1061 4338 1164 4397 qius
1177 4342 1228 4386 et
1246 4338 1540 4402 reliquorum
1560 4340 1786 4388 abbatum
1833 4355 1882 4401 p.
1910 4344 1995 4390 21.
