3023 5045
279 505 408 554 mn.
437 489 526 572 1.]
721 507 958 559 cusu
1004 508 1260 559 nucum
1307 508 1741 560 Anatolium,
2064 493 2195 558 105

273 665 458 730 filius
490 663 814 746 Alhredi,
856 661 875 700 ¹
893 666 1226 746 OsreduS,
1261 667 1664 746 succedens,
1704 664 1967 751 vixque
2010 685 2193 732 anno
2218 687 2375 778 3300,
2392 687 2507 729 A.D.

273 786 563 832 emenso
629 770 990 852 expulsus,
1055 788 1346 852 regnum
1423 769 1857 846 Ethelberto‚
1931 769 2053 852 qui
2123 774 2194 833 et
2218 788 2509 830 Aomdum

265 865 702 932 Athelredus
775 869 1000 936 dictus
1071 879 1203 948 est,
1279 864 1304 902 ²
1317 870 1708 935 evacuavit.
1856 868 1933 933 Is
2010 869 2193 934 filius
2218 841 2451 938 ῗῦῗῗὲὁε

273 967 641 1048 Mollonis,
733 971 854 1053 qui
939 971 1152 1035 etiam
1227 968 1711 1036 Athelwoldus
1787 971 2195 1048 vocabatur,

271 1068 446 1150 fuit3
501 1090 938 1153 regnumque
969 1077 1132 1155 post
1163 1070 1529 1136 duodecim
1578 1089 1799 1136 anuos
1846 1071 2042 1135 exilii
2089 1090 2195 1136 re-

275 1169 568 1252 cipienS,
636 1178 937 1254 quatuor
1000 1172 1204 1237 annis
1253 1173 1524 1252 tenuit;
1586 1172 1838 1255 quibus
1898 1172 2194 1249 exactis,

274 1269 500 1333 fatum
553 1273 985 1355 superiorum
1047 1272 1350 1356 effugere
1401 1292 1544 1337 non
1603 1272 1849 1350 valuit,
1912 1265 2195 1336 ‘’misere
2217 1296 2458 1345 mumma,

273 1372 574 1436 occisus.
684 1370 920 1451 Quare
963 1371 1206 1438 offensi
1253 1373 1490 1455 plures
1542 1373 1851 1456 episcopi
1902 1382 1973 1438 et
2014 1373 2197 1455 opti·
2218 1347 2330 1387 Μ’·
2352 1347 2447 1386 ⁷⁹⁶'

275 1478 504 1546 mates
553 1491 598 1536 a
643 1474 873 1554 patria
911 1467 1233 1557 ⁴¹fugeret
1287 1473 1571 1556 quidam
1622 1473 1871 1538 merito
1908 1473 2195 1557 plexum

277 1570 652 1647 affirmant,
688 1574 875 1656 quod
920 1567 1026 1638 ‘in
1073 1573 1418 1639 occisione
1442 1574 1707 1658 injusta
1742 1571 1991 1638 Osredi
2036 1593 2195 1638 con-

275 1689 561 1736 sensum
605 1692 809 1738 suum
859 1675 1300 1758 obligaverit,
1360 1674 1474 1739 cui
1525 1673 1837 1738 sufficere
1892 1675 2199 1758 potuerit

277 1773 467 1854 quod
523 1773 922 1857 principatu
980 1775 1250 1860 ejectus
1315 1775 1553 1840 sedem
1618 1774 1723 1838 illi
1788 1775 2195 1839 restituerit.

279 1873 390 1936 De
421 1873 634 1958 hujus
685 1876 884 1958 regni
915 1875 1206 1940 exordio
1257 1875 1615 1942 Alcwinus
1662 1875 1767 1940 ita
1813 1882 2193 1940 memorat:
2222 1898 2431 1948 run-ge·

275 1979 298 2008 ‘
311 1967 766 2039 “Benedictus
781 1977 976 2041 Deus
994 1977 1118 2059 qui
1135 1976 1306 2041 facit
1326 1976 1673 2041 mirabilia
1692 1976 1916 2040 solus!
1951 1975 2199 2059 Nuper
2221 1950 2333 1990 ‘³⁰¹¹'
2350 1949 2523 1990 ”⁰²¹²

279 2074 700 2140 Ethelredus
732 2076 918 2141 filius
951 2074 1348 2142 Adelwoldi
1395 2077 1482 2141 de
1536 2096 1811 2140 carcere
1859 2078 2199 2161 processit

277 2175 350 2239 in
398 2176 680 2255 solium,
731 2184 805 2242 et
857 2177 944 2242 de
993 2178 1274 2242 miseria
1315 2179 1388 2242 in
1443 2177 1927 2263 majestatem;
1995 2178 2197 2262 cujus
2296 2260 2307 2267 ⁸

278 2277 482 2359 regni
529 2278 846 2342 novitate
897 2278 1161 2344 detenti
1215 2297 1458 2342 sumus
1520 2299 1608 2343 ne
1666 2279 2055 2343 veniremus
2106 2278 2196 2343 ad

275 2377 455 2442 vos?
562 2378 672 2443 De
705 2397 874 2443 nece
920 2379 1022 2444 ita
1066 2379 1155 2444 ad
1193 2377 1420 2444 Offam
1467 2399 1702 2462 regem
1734 2379 2195 2444 Merciorum:

275 2483 299 2516 ‘
320 2468 544 2544 ⁷Sciat
561 2479 954 2545 veneranda
969 2480 1247 2546 dilectio
1259 2487 1518 2559 vestra,
1530 2481 1715 2565 quod
1734 2480 2053 2546 dominus
2071 2499 2198 2545 rex

279 2578 596 2645 Karolus
633 2582 1024 2647 amabiliter
1065 2588 1138 2647 et
1179 2582 1476 2647 fideliter
1526 2602 1713 2665 saepe
1760 2582 2035 2647 locutus
2090 2587 2200 2645 est

278 2674 586 2745 ⁸mecum
609 2681 694 2744 de
718 2682 942 2761 vobiS,
965 2689 1036 2747 et
1056 2683 1130 2746 in
1147 2702 1230 2747 eo
1246 2683 1519 2747 habetis
1536 2670 2008 2748 fidelissimum
2026 2682 2197 2746 ami-

275 2801 469 2846 cum:
495 2781 654 2846 ideo
673 2790 744 2847 et
755 2791 1006 2849 vestrae
1023 2783 1378 2850 dilectioni
1396 2783 1616 2866 digna
1628 2783 1871 2865 dirigit
1888 2802 2199 2860 munera,

278 2891 351 2948 et
373 2903 507 2967 per
523 2883 953 2966 episcopales
975 2883 1175 2949 sedes
1197 2885 1392 2966 regni
1415 2885 1657 2950 vestri.
1762 2884 2097 2951 Similiter
2128 2891 2201 2949 et

277 2983 660 3048 Ethelredo
691 2985 842 3066 regi
871 2992 943 3050 et
973 2985 1062 3050 ad
1085 3002 1250 3049 suas
1275 2985 1759 3068 episcoporum
1788 2985 1986 3049 sedes
2016 2985 2201 3049 dona

277 3084 580 3165 direxit3
615 3084 736 3149 sed
762 3085 922 3163 heu,
955 3085 1130 3168 proh
1151 3085 1388 3149 dolor!
1438 3086 1641 3150 donis
1670 3086 1880 3163 datis,
1914 3093 1985 3149 et
2018 3086 2199 3169 epis-

258 3186 446 3250 .tolis
472 3185 547 3248 in
577 3205 825 3251 manus
851 3186 1244 3264 missorum,
1275 3188 1678 3269 supervenit
1699 3187 1920 3251 tristis
1937 3186 2200 3270 legatio

277 3306 405 3368 per
450 3286 728 3363 missos,
785 3286 906 3369 qui
951 3286 1038 3351 de
1088 3286 1328 3352 Scotia
1371 3307 1495 3370 per
1542 3308 1669 3356 vos
1716 3288 1975 3352 reversi
2010 3294 2199 3380 sunt,

348 3487 367 3520 ¹
397 3492 656 3556 Osredm.]
673 3492 964 3542 Osredwas
977 3492 1213 3555 expelled
1262 3508 1384 3555 pare
1427 3494 1632 3543 Simeon
1673 3493 1732 3543 of
1770 3494 2020 3557 Durham,
2056 3494 2199 3545 A.D.

275 3562 405 3613 from
439 3562 522 3611 his
542 3562 788 3627 kingdom
808 3563 948 3613 A.D.
972 3567 1091 3626 790,
1113 3564 1214 3613 and
1265 3568 1437 3615 790-2.

273 3632 612 3683 Aethelberht
631 3648 742 3683 was
756 3634 982 3683 restored
997 3634 1129 3684 after
1149 3650 1215 3684 an
1335 3632 1358 3665 ⁶
1379 3634 1677 3685 Benedictus
1700 3635 1838 3684 Dm
1860 3671 1875 3686 .
1900 3670 1913 3685 .
1940 3670 1955 3685 .
1988 3636 2052 3684 ad
2072 3636 2199 3699 vom]

273 3704 414 3758 exile
436 3702 496 3752 of
509 3705 694 3755 twelve
709 3719 879 3767 years.
1264 3706 1372 3754 The
1427 3706 1592 3755 editor
1642 3707 1701 3756 of
1748 3705 1983 3756 Alcuin's
2026 3706 2199 3757 works

347 3770 716 3845 'Eva-navia]
754 3776 814 3825 S.
837 3776 908 3825 D.
933 3777 1034 3838 E.;
1063 3791 1216 3826 vacu-
1267 3774 1446 3841 (1777)
1493 3776 1597 3825 had
1640 3781 1729 3825 not
1771 3776 2068 3827 discovered
2112 3776 2199 3826 the

257 3845 404 3906 sivit,
429 3847 490 3895 C.
513 3846 577 3895 L.
1266 3847 1414 3895 letter
1459 3846 1587 3895 from
1630 3847 1801 3897 which
1847 3848 2197 3909 Malmesbury

345 3912 370 3946 ⁸
392 3916 579 3965 Misere
607 3916 838 3980 occisum]
887 3916 1218 3966 Aethelberht
1267 3917 1386 3965 took
1421 3918 1523 3966 this
1562 3922 1773 3967 extract.
1853 3919 1951 3969 See
1990 3917 2199 3968 Alcuin.

271 4000 390 4037 was
409 3986 682 4037 murdered
703 4002 771 4036 on
793 3986 880 4035 the
904 3988 1024 4037 loth
1046 3989 1217 4051 April,
1242 4037 1245 4046 ,
1269 3988 1372 4048 op.
1393 3993 1514 4039 tom.
1534 4002 1572 4039 1.
1589 4005 1642 4051 p.
1658 3995 1709 4050 5,
1724 3990 1875 4051 epist.
1893 4002 1953 4038 11.
1968 3993 2083 4037 note
2102 3985 2199 4054 (c).

271 4057 420 4108 A.D.
443 4061 473 4106 7
475 4060 558 4107 96.
1338 4054 1359 4092 7
1383 4058 1525 4107 Sciat
1556 4062 1825 4109 veneranda
1850 4093 2069 4110 ......
2090 4058 2202 4121 jam

346 4125 368 4155 ⁴
391 4126 630 4191 Fugere.]
665 4125 736 4177 Α.
756 4126 816 4177 S.
836 4127 905 4177 D.
928 4128 995 4178 E.
1020 4129 1082 4178 L.
1106 4130 1216 4189 M.;
1253 4128 1502 4193 fecisset]
1534 4131 1743 4181 Alouin.
1768 4131 1871 4194 Op.
1910 4135 2030 4181 tom.
2071 4143 2109 4180 1.
2147 4145 2202 4195 p.

269 4198 532 4261 refugere,
556 4198 616 4247 C.
1270 4203 1353 4260 57,
1375 4200 1525 4261 epist.
1549 4214 1680 4254 xtn.

344 4266 366 4299 ⁶
391 4269 456 4323 In
509 4268 745 4317 occisione
801 4266 984 4329 injusta
1043 4269 1220 4317 Osredi
1342 4267 1362 4296 ⁸
1383 4267 1622 4339 Mecum]
1658 4271 1726 4325 A.
1750 4272 1809 4323 S.
1828 4273 1889 4323 C.
1906 4272 1976 4322 D.
2002 4272 2064 4321 L.
2088 4272 2167 4320 M.
2188 4287 2205 4334 ς

268 4354 554 4393 commum
563 4355 704 4389 suum
715 4332 1052 4415 obligaverit]
1073 4340 1218 4391 Com·
1267 4340 1475 4389 omitted
1497 4343 1551 4389 in
1572 4344 1638 4393 E.
1748 4359 1756 4363 ·
