3023 5045
218 500 509 581 mn.11.]
663 516 892 563 cusu
940 515 1195 564 micum
1246 516 1678 565 Anchonuu.
2007 501 2136 564 191

220 677 496 756 mirum,
562 678 729 761 quia
782 670 799 707 ¹
806 676 958 761 jam
1013 674 1399 741 duodennis
1464 678 1688 740 omnis
1751 674 2136 741 literaturae

220 797 477 861 expers
526 778 685 842 fuit.
797 770 1034 841 ²Tunc
1087 796 1254 842 vero
1299 776 1465 841 ludo
1515 778 1836 859 benignae
1892 778 2137 841 matris

219 880 567 943 invitatus
622 886 705 943 ut
770 898 899 961 pro
960 888 1241 940 munere
1309 878 1644 955 libellum,
1715 896 1920 960 quem
1992 898 2138 959 prae

222 980 547 1043 manibus
611 979 921 1055 tenebat,
992 978 1341 1061 acciperet
1398 979 1461 1041 si
1521 978 1662 1042 cito
1721 976 2135 1055 addisceret,

215 1079 380 1162 joco
423 1080 668 1144 literas
722 1080 1105 1160 ingressuS,
1146 1078 1485 1143 aviditate
1538 1078 1899 1141 siticulosa
1947 1097 2136 1143 com-

223 1180 423 1244 bibit.
549 1180 872 1261 Denique
914 1179 1281 1262 plurimam
1326 1186 1596 1261 partem
1639 1176 1982 1243 Romanae
2032 1179 2136 1242 bi-

222 1279 591 1344 bliothecae
631 1278 1024 1361 Anglorum
1049 1279 1333 1343 auribus
1358 1278 1573 1356 dedit,
1619 1280 1922 1361 opimam
1956 1298 2136 1361 prae·

225 1381 384 1443 dam
431 1380 955 1463 peregrinarum
998 1378 1327 1443 mercium
1371 1380 1627 1443 civium
1680 1379 1920 1442 usibus
1971 1398 2135 1442 con-

225 1487 512 1544 vectans
540 1500 560 1561 3
606 1481 807 1565 cujus
830 1480 1165 1563 praecipui
1191 1486 1356 1543 sunt
1382 1479 1544 1543 libri
1571 1473 1917 1557 ³Orosius,
1955 1477 2134 1541 Pas-

227 1582 473 1645 toralis
504 1579 858 1663 Gregorii,
888 1579 1113 1645 Gesta
1131 1578 1527 1662 Anglorum
1550 1578 1787 1656 Bedae,
1812 1578 2134 1643 Booetius

228 1681 339 1744 De
360 1680 860 1746 Consolatione
880 1680 1374 1763 Philosophiae,
1394 1680 1574 1744 liber
1588 1680 1910 1763 proprius
1929 1698 2136 1762 quem

230 1782 459 1863 patria
500 1781 749 1863 lingua
779 1774 807 1813 4
818 1779 1306 1857 Eucheridion,
1352 1780 1424 1843 id
1454 1787 1587 1857 est,
1627 1778 2018 1858 manualem
2050 1778 2136 1841 li-

231 1882 453 1959 brum,
472 1882 876 1964 appellavit.
942 1880 1132 1959 Quin
1156 1887 1227 1943 et
1247 1880 1790 1962 provincialibus
1807 1879 2138 1961 grandem

235 2000 537 2045 amorem
602 1982 991 2045 studiorum
1050 1979 1329 2056 infudit,
1398 1979 1526 2044 hos
1585 1980 1914 2063 praemiiS,
1976 1979 2135 2044 illos

230 2082 501 2165 injuriis
530 2080 877 2145 hortando
904 2102 923 2162 ;
968 2081 1310 2144 neminem
1337 2080 1744 2144 illiteratum
1773 2078 1865 2143 ad
1893 2098 2136 2162 quam-

232 2182 395 2246 libet
423 2183 638 2245 curiae
664 2181 1075 2263 dignitatem
1102 2182 1413 2263 aspirare
1432 2181 1857 2263 permittens.
1935 2178 2139 2243 Psal-

234 2283 480 2347 terium
536 2281 913 2345 transferre
984 2300 1383 2363 aggressuS,
1455 2282 1578 2345 vix
1647 2279 1872 2362 prima
1944 2286 2142 2362 parte

234 2384 585 2465 explicata
630 2380 909 2447 vivendi
948 2381 1155 2445 finem
1184 2380 1371 2445 fecit.
1476 2380 1567 2443 In
1604 2374 1930 2463 ⁵prologo
1962 2378 2140 2443 Pas-

240 2482 474 2548 toralis
503 2482 675 2547 dicit
710 2501 787 2546 se
828 2482 1081 2547 iccirco
1126 2481 1215 2546 ad
1258 2481 1814 2564 interpretandos
1844 2478 2141 2562 Anglice

236 2583 447 2648 libros
477 2585 887 2661 animatum,
932 2583 1117 2666 quod
1157 2583 1495 2660 ecclesiae,
1522 2583 1596 2645 in
1625 2583 1874 2666 quibus
1902 2601 2141 2646 nume-

239 2703 411 2748 rosae
466 2703 511 2748 a
577 2685 807 2767 prisco
871 2683 1307 2747 bibliothecae
1363 2683 1922 2760 continebantur,
1985 2702 2142 2746 cum

238 2784 455 2862 libris,
510 2804 556 2848 a
608 2785 835 2848 Danis
879 2785 1181 2848 incensae
1228 2784 1412 2863 sint3
1459 2791 1827 2866 propterea
1866 2783 1940 2847 in
1990 2789 2143 2846 tota

240 2885 467 2948 insula
498 2885 809 2949 studium
843 2884 1202 2950 literarum
1249 2884 1608 2960 abolitum,
1637 2883 1822 2965 quod
1850 2881 2141 2965 quisque

240 2985 461 3068 magis
506 2993 867 3050 vereretur
912 2985 1161 3068 capitis
1206 2984 1590 3067 periculum
1638 3003 1848 3065 quam
1894 3002 2140 3065 seque·

241 3093 431 3149 retur
485 3086 819 3150 librorum
875 3085 1305 3150 exercitium.
1431 3083 1878 3166 Quapropter
1929 3102 2006 3146 se
2067 3085 2141 3147 in

240 3184 371 3250 hoc
414 3185 669 3269 Anglis
718 3185 861 3249 suis
914 3186 1275 3250 consulere
1324 3191 1405 3247 ut
1455 3203 1641 3247 nunc
1699 3185 2142 3266 praelibarent

242 3287 711 3364 tumultuarie,
763 3285 951 3370 quod
1006 3292 1277 3368 postea,
1334 3285 1397 3347 si
1438 3285 1621 3348 forte
1665 3303 1810 3367 pax
1861 3284 2140 3362 rediret,

317 3548 335 3579 ¹
359 3553 471 3600 Jam
503 3551 771 3602 duodennis
802 3549 957 3600 omni-⁹
1000 3553 1169 3602 litera-
1219 3552 1327 3600 The
1350 3551 1713 3613 Anglo-Saxon
1748 3553 1946 3601 version
1978 3551 2036 3599 of
2063 3552 2142 3601 his

242 3627 371 3670 turoe
404 3637 573 3687 expers
589 3622 747 3686 suit]
783 3621 1037 3671 Aelfred’s
1057 3624 1168 3672 lite·
1220 3622 1476 3671 universal
1498 3621 1692 3682 history
1707 3621 1801 3670 has
1823 3624 1950 3671 been
1971 3622 2142 3671 edited

240 3693 635 3753 raryeducation
656 3694 851 3754 maybe
872 3693 1027 3742 dated
1042 3692 1169 3742 from
1220 3693 1288 3754 by
1320 3692 1518 3742 Daines
1553 3692 1876 3754 Barrington,
1913 3692 2041 3740 with
2077 3707 2143 3741 an

242 3762 367 3811 llth
388 3763 687 3823 November,
702 3763 842 3813 A.D.
860 3767 954 3812 887
960 3800 973 3814 .
1046 3763 1171 3830 (As-
1221 3763 1433 3824 English
1446 3762 1759 3810 translation.
1777 3760 2146 3827 (Lond.1778.)

243 3847 350 3893 ser,
368 3833 445 3882 De
466 3834 641 3884 Gestis
661 3830 936 3896 Aelfredi.)
1291 3831 1312 3859 ⁴
1334 3825 1706 3900 Euclea-idion]
1741 3832 2145 3892 A.D.E.L.M.;

316 3899 341 3930 ²
358 3903 483 3952 Timo
500 3920 611 3953 vero
626 3905 739 3953 ludo
756 3903 979 3965 benigne
994 3903 1171 3952 matr-is
1222 3903 1492 3965 Handboc,
1515 3904 1574 3953 S.
1603 3904 1662 3952 C.
1679 3903 1750 3952 K.
1822 3903 1918 3952 See
1947 3902 2148 3952 Asser's

244 3969 528 4041 invitatum]
555 3974 806 4036 Compare
827 3973 989 4024 Asser
1007 3975 1171 4024 under
1220 3979 1437 4024 account
1458 3974 1519 4023 of
1547 3973 1650 4023 this
1683 3973 1836 4035 book,
1875 3973 1977 4022 and
2014 3974 2149 4022 Mal·

244 4043 339 4091 the
360 4057 474 4102 year
488 4049 603 4095 866.
1220 4046 1378 4095 mesb.
1413 4045 1499 4094 De
1538 4044 1684 4095 Gest.
1722 4045 1913 4095 Pontis.
1970 4044 2148 4112 (Gale,

321 4109 345 4140 ³
368 4114 608 4179 Gracina]
645 4114 848 4164 Paulus
879 4114 1096 4164 Orosius
1118 4115 1178 4162 of
1220 4116 1319 4164 vol.
1344 4128 1428 4164 111.
1449 4131 1504 4175 p.
1531 4111 1672 4178 3⁴2.)

244 4183 545 4248 Tan-agone,
577 4201 610 4235 a
630 4184 851 4246 spanish
875 4186 1052 4246 pdest,
1083 4183 1169 4234 the
1288 4182 1309 4212 ⁶
1332 4185 1547 4246 Prologo
1570 4185 1890 4248 Pastor-alim]
1937 4185 2150 4234 Printed

248 4253 415 4302 friend
434 4255 491 4304 of
515 4257 588 4306 st.
612 4255 893 4317 Augustin,
914 4254 1095 4315 bishop
1117 4255 1175 4302 of
1218 4255 1269 4302 in
1291 4254 1479 4303 Wise's
1499 4253 1690 4303 edition
1716 4255 1775 4304 of
1791 4258 1968 4319 Asser,
1990 4272 2041 4318 p.
2067 4260 2151 4319 81,

248 4324 476 4389 Hippon,
528 4325 801 4377 flourished
846 4325 913 4375 Α.
930 4325 1003 4375 D.
1049 4329 1147 4374 417
1154 4361 1165 4374 .
1219 4324 1385 4374 Oxon.
1408 4328 1555 4374 1722.
