<?xml version="1.0" encoding="UTF-8"?>
<!DOCTYPE html PUBLIC "-//W3C//DTD XHTML 1.0 Transitional//EN"
    "http://www.w3.org/TR/xhtml1/DTD/xhtml1-transitional.dtd">
<html xmlns="http://www.w3.org/1999/xhtml" xml:lang="en" lang="en">
 <head>
  <title>
</title>
<meta http-equiv="Content-Type" content="text/html;charset=utf-8" />
  <meta name='ocr-system' content='tesseract 3.04.00' />
  <meta name='ocr-capabilities' content='ocr_page ocr_carea ocr_par ocr_line ocrx_word'/>
</head>
<body>
  <div class='ocr_page' id='page_1' title='image "./willelmimalmesb00unkngoog_0139.png"; bbox 0 0 3023 5045; ppageno 0'>
   <div class='ocr_carea' id='block_1_1' title="bbox 501 950 706 1052">
    <p class='ocr_par' dir='ltr' id='par_1_1' title="bbox 501 950 706 1052">
     <span class='ocr_line' id='line_1_1' title="bbox 501 950 706 991; baseline -0.005 0"><span class='ocrx_word' id='word_1_1' title='bbox 501 952 610 991; x_wconf 70' lang='lat' dir='ltr'><strong>from</strong></span> <span class='ocrx_word' id='word_1_2' title='bbox 636 950 706 990; x_wconf 72' lang='lat' dir='ltr'><strong>hl·</strong></span> 
     </span>
     <span class='ocr_line' id='line_1_2' title="bbox 505 1003 704 1052; baseline -0.01 -9"><span class='ocrx_word' id='word_1_3' title='bbox 505 1003 704 1052; x_wconf 69' lang='lat' dir='ltr'><strong>Epi-uec.</strong></span> 
     </span>
    </p>
   </div>
   <div class='ocr_carea' id='block_1_2' title="bbox 811 501 2727 586">
    <p class='ocr_par' dir='ltr' id='par_1_2' title="bbox 811 501 2727 586">
     <span class='ocr_line' id='line_1_3' title="bbox 811 501 2727 586; baseline -0.002 -16"><span class='ocrx_word' id='word_1_4' title='bbox 811 504 943 570; x_wconf 80' lang='lat'><strong>102</strong></span> <span class='ocrx_word' id='word_1_5' title='bbox 1270 518 1500 568; x_wconf 72' lang='lat' dir='ltr'><strong>cns&#39;m</strong></span> <span class='ocrx_word' id='word_1_6' title='bbox 1546 518 1805 568; x_wconf 71' lang='lat' dir='ltr'><strong>aucun</strong></span> <span class='ocrx_word' id='word_1_7' title='bbox 1850 518 2283 568; x_wconf 72' lang='lat' dir='ltr'><strong>ANGLoRUM.</strong></span> <span class='ocrx_word' id='word_1_8' title='bbox 2452 501 2639 586; x_wconf 65' lang='lat' dir='ltr'><strong>[nm.</strong></span> <span class='ocrx_word' id='word_1_9' title='bbox 2674 515 2727 566; x_wconf 84' lang='grc'><strong>1.</strong></span> 
     </span>
    </p>
   </div>
   <div class='ocr_carea' id='block_1_3' title="bbox 818 672 2763 3279">
    <p class='ocr_par' dir='ltr' id='par_1_3' title="bbox 818 672 2733 846">
     <span class='ocr_line' id='line_1_4' title="bbox 818 672 2733 765; baseline -0.003 -20"><span class='ocrx_word' id='word_1_10' title='bbox 818 687 1106 765; x_wconf 88' lang='lat' dir='ltr'><strong>propter</strong></span> <span class='ocrx_word' id='word_1_11' title='bbox 1168 677 1631 764; x_wconf 80' lang='lat' dir='ltr'><strong>pervicaciam</strong></span> <span class='ocrx_word' id='word_1_12' title='bbox 1696 676 2037 742; x_wconf 88' lang='lat' dir='ltr'><strong>malorum</strong></span> <span class='ocrx_word' id='word_1_13' title='bbox 2102 695 2370 741; x_wconf 87' lang='lat' dir='ltr'><strong>morum</strong></span> <span class='ocrx_word' id='word_1_14' title='bbox 2448 672 2733 760; x_wconf 85' lang='lat' dir='ltr'><strong>pessum</strong></span> 
     </span>
     <span class='ocr_line' id='line_1_5' title="bbox 821 781 1003 846; baseline -0.005 0"><span class='ocrx_word' id='word_1_15' title='bbox 821 781 1003 846; x_wconf 88' lang='lat' dir='ltr'><strong>ierit.</strong></span> 
     </span>
    </p>

    <p class='ocr_par' dir='ltr' id='par_1_4' title="bbox 824 871 2763 3279">
     <span class='ocr_line' id='line_1_6' title="bbox 929 871 2735 965; baseline -0.002 -20"><span class='ocrx_word' id='word_1_16' title='bbox 929 881 1105 965; x_wconf 61' lang='lat' dir='ltr'><strong>§7st</strong></span> <span class='ocrx_word' id='word_1_17' title='bbox 1172 873 1333 945; x_wconf 82' lang='lat' dir='ltr'><strong>¹Ait</strong></span> <span class='ocrx_word' id='word_1_18' title='bbox 1393 900 1563 963; x_wconf 82' lang='lat' dir='ltr'><strong>ergo</strong></span> <span class='ocrx_word' id='word_1_19' title='bbox 1628 878 1719 944; x_wconf 91' lang='lat' dir='ltr'><strong>ad</strong></span> <span class='ocrx_word' id='word_1_20' title='bbox 1782 871 2246 957; x_wconf 79' lang='lat' dir='ltr'><strong>²Wiorenses,</strong></span> <span class='ocrx_word' id='word_1_21' title='bbox 2310 877 2497 962; x_wconf 91' lang='lat' dir='ltr'><strong>apud</strong></span> <span class='ocrx_word' id='word_1_22' title='bbox 2554 896 2735 961; x_wconf 91' lang='lat' dir='ltr'><strong>quos</strong></span> 
     </span>
     <span class='ocr_line' id='line_1_7' title="bbox 831 978 2736 1064; baseline -0.003 -18"><span class='ocrx_word' id='word_1_23' title='bbox 831 982 1028 1046; x_wconf 89' lang='lat' dir='ltr'><strong>Beda</strong></span> <span class='ocrx_word' id='word_1_24' title='bbox 1077 981 1355 1046; x_wconf 80' lang='lat' dir='ltr'><strong>vixerat</strong></span> <span class='ocrx_word' id='word_1_25' title='bbox 1409 987 1480 1045; x_wconf 91' lang='lat' dir='ltr'><strong>et</strong></span> <span class='ocrx_word' id='word_1_26' title='bbox 1534 980 1825 1057; x_wconf 86' lang='lat' dir='ltr'><strong>obierat,</strong></span> <span class='ocrx_word' id='word_1_27' title='bbox 1858 998 1949 1044; x_wconf 86' lang='lat' dir='ltr'><strong>ex</strong></span> <span class='ocrx_word' id='word_1_28' title='bbox 1982 978 2267 1064; x_wconf 91' lang='lat' dir='ltr'><strong>obliquo</strong></span> <span class='ocrx_word' id='word_1_29' title='bbox 2319 979 2569 1044; x_wconf 89' lang='lat' dir='ltr'><strong>fecisse</strong></span> <span class='ocrx_word' id='word_1_30' title='bbox 2620 997 2736 1042; x_wconf 85' lang='lat' dir='ltr'><strong>ar·-</strong></span> 
     </span>
     <span class='ocr_line' id='line_1_8' title="bbox 829 1079 2738 1166; baseline -0.003 -19"><span class='ocrx_word' id='word_1_31' title='bbox 829 1101 1076 1166; x_wconf 85' lang='lat' dir='ltr'><strong>guens,</strong></span> <span class='ocrx_word' id='word_1_32' title='bbox 1130 1082 1316 1165; x_wconf 91' lang='lat' dir='ltr'><strong>quod</strong></span> <span class='ocrx_word' id='word_1_33' title='bbox 1367 1101 1456 1146; x_wconf 91' lang='lat' dir='ltr'><strong>ne</strong></span> <span class='ocrx_word' id='word_1_34' title='bbox 1505 1081 1770 1146; x_wconf 82' lang='lat' dir='ltr'><strong>saciant</strong></span> <span class='ocrx_word' id='word_1_35' title='bbox 1806 1087 2053 1162; x_wconf 84' lang='lat' dir='ltr'><strong>rogat:</strong></span> <span class='ocrx_word' id='word_1_36' title='bbox 2100 1087 2506 1145; x_wconf 80' lang='lat' dir='ltr'><strong>assuescant</strong></span> <span class='ocrx_word' id='word_1_37' title='bbox 2536 1079 2738 1163; x_wconf 84' lang='lat' dir='ltr'><strong>pueri</strong></span> 
     </span>
     <span class='ocr_line' id='line_1_9' title="bbox 831 1179 2740 1265; baseline -0.002 -18"><span class='ocrx_word' id='word_1_38' title='bbox 831 1190 1066 1248; x_wconf 88' lang='lat' dir='ltr'><strong>astare</strong></span> <span class='ocrx_word' id='word_1_39' title='bbox 1095 1181 1418 1247; x_wconf 84' lang='lat' dir='ltr'><strong>laudibus</strong></span> <span class='ocrx_word' id='word_1_40' title='bbox 1439 1182 1721 1265; x_wconf 90' lang='lat' dir='ltr'><strong>superni</strong></span> <span class='ocrx_word' id='word_1_41' title='bbox 1741 1180 1988 1263; x_wconf 84' lang='lat' dir='ltr'><strong>Regis,</strong></span> <span class='ocrx_word' id='word_1_42' title='bbox 2006 1201 2146 1245; x_wconf 89' lang='lat' dir='ltr'><strong>non</strong></span> <span class='ocrx_word' id='word_1_43' title='bbox 2167 1179 2479 1264; x_wconf 85' lang='lat' dir='ltr'><strong>vulpium</strong></span> <span class='ocrx_word' id='word_1_44' title='bbox 2500 1179 2740 1244; x_wconf 85' lang='lat' dir='ltr'><strong>fodere</strong></span> 
     </span>
     <span class='ocr_line' id='line_1_10' title="bbox 824 1267 2739 1365; baseline -0.002 -17"><span class='ocrx_word' id='word_1_45' title='bbox 824 1301 1196 1361; x_wconf 82' lang='lat' dir='ltr'><strong>cavernas,</strong></span> <span class='ocrx_word' id='word_1_46' title='bbox 1261 1303 1400 1348; x_wconf 92' lang='lat' dir='ltr'><strong>non</strong></span> <span class='ocrx_word' id='word_1_47' title='bbox 1465 1283 1753 1365; x_wconf 84' lang='lat' dir='ltr'><strong>fugaces</strong></span> <span class='ocrx_word' id='word_1_48' title='bbox 1816 1281 2131 1364; x_wconf 81' lang='lat' dir='ltr'><strong>leporum</strong></span> <span class='ocrx_word' id='word_1_49' title='bbox 2194 1267 2395 1364; x_wconf 79' lang='lat' dir='ltr'><strong>sequi</strong></span> <span class='ocrx_word' id='word_1_50' title='bbox 2448 1300 2739 1362; x_wconf 84' lang='lat' dir='ltr'><strong>cursus3</strong></span> 
     </span>
     <span class='ocr_line' id='line_1_11' title="bbox 833 1381 2746 1466; baseline -0.001 -18"><span class='ocrx_word' id='word_1_51' title='bbox 833 1384 1107 1448; x_wconf 85' lang='lat' dir='ltr'><strong>discant</strong></span> <span class='ocrx_word' id='word_1_52' title='bbox 1137 1403 1322 1447; x_wconf 89' lang='lat' dir='ltr'><strong>nunc</strong></span> <span class='ocrx_word' id='word_1_53' title='bbox 1353 1384 1733 1466; x_wconf 84' lang='lat' dir='ltr'><strong>scripturas</strong></span> <span class='ocrx_word' id='word_1_54' title='bbox 1766 1401 2029 1460; x_wconf 72' lang='lat' dir='ltr'><strong>sacras;</strong></span> <span class='ocrx_word' id='word_1_55' title='bbox 2058 1390 2141 1448; x_wconf 90' lang='lat' dir='ltr'><strong>ut</strong></span> <span class='ocrx_word' id='word_1_56' title='bbox 2181 1389 2391 1446; x_wconf 87' lang='lat' dir='ltr'><strong>aetate</strong></span> <span class='ocrx_word' id='word_1_57' title='bbox 2432 1381 2746 1465; x_wconf 85' lang='lat' dir='ltr'><strong>perfecta</strong></span> 
     </span>
     <span class='ocr_line' id='line_1_12' title="bbox 833 1477 2746 1567; baseline -0.002 -19"><span class='ocrx_word' id='word_1_58' title='bbox 833 1485 1012 1548; x_wconf 89' lang='lat' dir='ltr'><strong>alios</strong></span> <span class='ocrx_word' id='word_1_59' title='bbox 1043 1484 1290 1550; x_wconf 86' lang='lat' dir='ltr'><strong>docere</strong></span> <span class='ocrx_word' id='word_1_60' title='bbox 1323 1485 1617 1567; x_wconf 86' lang='lat' dir='ltr'><strong>possint.</strong></span> <span class='ocrx_word' id='word_1_61' title='bbox 1722 1490 1741 1518; x_wconf 89' lang='lat'>‘</span> <span class='ocrx_word' id='word_1_62' title='bbox 1762 1477 1787 1516; x_wconf 77' lang='lat'><strong>⁸</strong></span> <span class='ocrx_word' id='word_1_63' title='bbox 1800 1483 2219 1565; x_wconf 82' lang='lat' dir='ltr'><strong>Recogitate</strong></span> <span class='ocrx_word' id='word_1_64' title='bbox 2238 1482 2746 1546; x_wconf 88' lang='lat' dir='ltr'><strong>nobilissimum</strong></span> 
     </span>
     <span class='ocr_line' id='line_1_13' title="bbox 836 1579 2743 1668; baseline -0.002 -19"><span class='ocrx_word' id='word_1_65' title='bbox 836 1579 1091 1649; x_wconf 75' lang='lat' dir='ltr'><strong>*nostri</strong></span> <span class='ocrx_word' id='word_1_66' title='bbox 1123 1586 1456 1668; x_wconf 87' lang='lat' dir='ltr'><strong>temporis</strong></span> <span class='ocrx_word' id='word_1_67' title='bbox 1487 1585 1899 1667; x_wconf 87' lang='lat' dir='ltr'><strong>magistrum</strong></span> <span class='ocrx_word' id='word_1_68' title='bbox 1940 1581 2205 1648; x_wconf 89' lang='lat' dir='ltr'><strong>Bedam</strong></span> <span class='ocrx_word' id='word_1_69' title='bbox 2236 1584 2743 1668; x_wconf 87' lang='lat' dir='ltr'><strong>presbyterum,</strong></span> 
     </span>
     <span class='ocr_line' id='line_1_14' title="bbox 837 1683 2744 1769; baseline -0.001 -20"><span class='ocrx_word' id='word_1_70' title='bbox 837 1686 1044 1769; x_wconf 90' lang='lat' dir='ltr'><strong>quale</strong></span> <span class='ocrx_word' id='word_1_71' title='bbox 1075 1685 1320 1750; x_wconf 86' lang='lat' dir='ltr'><strong>habuit</strong></span> <span class='ocrx_word' id='word_1_72' title='bbox 1349 1686 1422 1749; x_wconf 92' lang='lat' dir='ltr'><strong>in</strong></span> <span class='ocrx_word' id='word_1_73' title='bbox 1446 1687 1821 1769; x_wconf 86' lang='lat' dir='ltr'><strong>juventute</strong></span> <span class='ocrx_word' id='word_1_74' title='bbox 1856 1684 2163 1748; x_wconf 89' lang='lat' dir='ltr'><strong>discendi</strong></span> <span class='ocrx_word' id='word_1_75' title='bbox 2198 1683 2529 1761; x_wconf 90' lang='lat' dir='ltr'><strong>studium,</strong></span> <span class='ocrx_word' id='word_1_76' title='bbox 2566 1703 2744 1766; x_wconf 89' lang='lat' dir='ltr'><strong>qua·</strong></span> 
     </span>
     <span class='ocr_line' id='line_1_15' title="bbox 836 1784 2747 1862; baseline 0 -12"><span class='ocrx_word' id='word_1_77' title='bbox 836 1787 972 1850; x_wconf 90' lang='lat' dir='ltr'><strong>lem</strong></span> <span class='ocrx_word' id='word_1_78' title='bbox 1005 1806 1189 1850; x_wconf 87' lang='lat' dir='ltr'><strong>nunc</strong></span> <span class='ocrx_word' id='word_1_79' title='bbox 1222 1785 1434 1850; x_wconf 91' lang='lat' dir='ltr'><strong>habet</strong></span> <span class='ocrx_word' id='word_1_80' title='bbox 1477 1786 1663 1849; x_wconf 85' lang='lat' dir='ltr'><strong>inter</strong></span> <span class='ocrx_word' id='word_1_81' title='bbox 1708 1785 2021 1848; x_wconf 89' lang='lat' dir='ltr'><strong>homines</strong></span> <span class='ocrx_word' id='word_1_82' title='bbox 2066 1785 2367 1862; x_wconf 90' lang='lat' dir='ltr'><strong>laudem,</strong></span> <span class='ocrx_word' id='word_1_83' title='bbox 2402 1791 2475 1849; x_wconf 91' lang='lat' dir='ltr'><strong>et</strong></span> <span class='ocrx_word' id='word_1_84' title='bbox 2520 1784 2747 1850; x_wconf 83' lang='lat' dir='ltr'><strong>multo</strong></span> 
     </span>
     <span class='ocr_line' id='line_1_16' title="bbox 838 1884 2747 1971; baseline 0.001 -22"><span class='ocrx_word' id='word_1_85' title='bbox 838 1886 1170 1971; x_wconf 88' lang='lat' dir='ltr'><strong>majorem</strong></span> <span class='ocrx_word' id='word_1_86' title='bbox 1235 1884 1421 1969; x_wconf 91' lang='lat' dir='ltr'><strong>apud</strong></span> <span class='ocrx_word' id='word_1_87' title='bbox 1485 1886 1718 1950; x_wconf 91' lang='lat' dir='ltr'><strong>Deum</strong></span> <span class='ocrx_word' id='word_1_88' title='bbox 1780 1886 2355 1950; x_wconf 87' lang='lat' dir='ltr'><strong>remunerationis</strong></span> <span class='ocrx_word' id='word_1_89' title='bbox 2401 1884 2747 1966; x_wconf 85' lang='lat' dir='ltr'><strong>gloriam.&#39;</strong></span> 
     </span>
     <span class='ocr_line' id='line_1_17' title="bbox 841 1980 2747 2070; baseline -0.001 -19"><span class='ocrx_word' id='word_1_90' title='bbox 841 1986 1024 2051; x_wconf 90' lang='lat' dir='ltr'><strong>Item</strong></span> <span class='ocrx_word' id='word_1_91' title='bbox 1069 1986 1158 2051; x_wconf 90' lang='lat' dir='ltr'><strong>ad</strong></span> <span class='ocrx_word' id='word_1_92' title='bbox 1205 1986 1717 2051; x_wconf 87' lang='lat' dir='ltr'><strong>Eboracenses:</strong></span> <span class='ocrx_word' id='word_1_93' title='bbox 1766 1989 1787 2020; x_wconf 89' lang='lat'>‘</span> <span class='ocrx_word' id='word_1_94' title='bbox 1812 1980 1835 2020; x_wconf 82' lang='lat'><strong>⁶</strong></span> <span class='ocrx_word' id='word_1_95' title='bbox 1848 1985 1920 2050; x_wconf 91' lang='lat' dir='ltr'>N</span> <span class='ocrx_word' id='word_1_96' title='bbox 1923 2006 2015 2050; x_wconf 92' lang='lat' dir='ltr'><strong>on</strong></span> <span class='ocrx_word' id='word_1_97' title='bbox 2048 2005 2175 2070; x_wconf 90' lang='lat' dir='ltr'><strong>pro</strong></span> <span class='ocrx_word' id='word_1_98' title='bbox 2224 1986 2378 2050; x_wconf 91' lang='lat' dir='ltr'><strong>auri</strong></span> <span class='ocrx_word' id='word_1_99' title='bbox 2422 1987 2747 2064; x_wconf 86' lang='lat' dir='ltr'><strong>avaritia,</strong></span> 
     </span>
     <span class='ocr_line' id='line_1_18' title="bbox 841 2086 2749 2170; baseline 0 -20"><span class='ocrx_word' id='word_1_100' title='bbox 841 2088 1044 2151; x_wconf 88' lang='lat' dir='ltr'><strong>testis</strong></span> <span class='ocrx_word' id='word_1_101' title='bbox 1099 2093 1208 2150; x_wconf 88' lang='lat' dir='ltr'><strong>est</strong></span> <span class='ocrx_word' id='word_1_102' title='bbox 1258 2086 1394 2150; x_wconf 89' lang='lat' dir='ltr'><strong>mei</strong></span> <span class='ocrx_word' id='word_1_103' title='bbox 1449 2086 1790 2170; x_wconf 85' lang='lat' dir='ltr'><strong>Cognitor</strong></span> <span class='ocrx_word' id='word_1_104' title='bbox 1840 2086 2091 2164; x_wconf 90' lang='lat' dir='ltr'><strong>cordis,</strong></span> <span class='ocrx_word' id='word_1_105' title='bbox 2148 2087 2515 2150; x_wconf 89' lang='lat' dir='ltr'><strong>Franciam</strong></span> <span class='ocrx_word' id='word_1_106' title='bbox 2560 2089 2749 2165; x_wconf 85' lang='lat' dir='ltr'><strong>veni,</strong></span> 
     </span>
     <span class='ocr_line' id='line_1_19' title="bbox 839 2186 2749 2274; baseline 0.001 -24"><span class='ocrx_word' id='word_1_107' title='bbox 839 2205 970 2250; x_wconf 87' lang='lat' dir='ltr'><strong>nec</strong></span> <span class='ocrx_word' id='word_1_108' title='bbox 1017 2186 1318 2252; x_wconf 88' lang='lat' dir='ltr'><strong>remansi</strong></span> <span class='ocrx_word' id='word_1_109' title='bbox 1367 2187 1440 2250; x_wconf 89' lang='lat' dir='ltr'><strong>in</strong></span> <span class='ocrx_word' id='word_1_110' title='bbox 1475 2207 1600 2267; x_wconf 86' lang='lat' dir='ltr'><strong>ea3</strong></span> <span class='ocrx_word' id='word_1_111' title='bbox 1646 2187 1765 2274; x_wconf 88' lang='lat' dir='ltr'><strong>sed</strong></span> <span class='ocrx_word' id='word_1_112' title='bbox 1820 2186 2307 2253; x_wconf 75' lang='lat' dir='ltr'><strong>ecclesiasticae</strong></span> <span class='ocrx_word' id='word_1_113' title='bbox 2358 2205 2575 2252; x_wconf 88' lang='lat' dir='ltr'><strong>causa</strong></span> <span class='ocrx_word' id='word_1_114' title='bbox 2622 2207 2749 2252; x_wconf 88' lang='lat' dir='ltr'><strong>ne-</strong></span> 
     </span>
     <span class='ocr_line' id='line_1_20' title="bbox 841 2286 2751 2370; baseline 0.001 -18"><span class='ocrx_word' id='word_1_115' title='bbox 841 2288 1236 2352; x_wconf 60' lang='lat' dir='ltr'><strong>cessimus?</strong></span> <span class='ocrx_word' id='word_1_116' title='bbox 1339 2286 1523 2352; x_wconf 88' lang='lat' dir='ltr'><strong>Item</strong></span> <span class='ocrx_word' id='word_1_117' title='bbox 1576 2287 1665 2352; x_wconf 91' lang='lat' dir='ltr'><strong>ad</strong></span> <span class='ocrx_word' id='word_1_118' title='bbox 1720 2286 1947 2352; x_wconf 87' lang='lat' dir='ltr'><strong>Offam</strong></span> <span class='ocrx_word' id='word_1_119' title='bbox 1990 2307 2225 2370; x_wconf 85' lang='lat' dir='ltr'><strong>regem</strong></span> <span class='ocrx_word' id='word_1_120' title='bbox 2280 2287 2751 2353; x_wconf 85' lang='lat' dir='ltr'><strong>Merciorum:</strong></span> 
     </span>
     <span class='ocr_line' id='line_1_21' title="bbox 842 2382 2752 2472; baseline 0 -19"><span class='ocrx_word' id='word_1_121' title='bbox 842 2395 861 2423; x_wconf 89' lang='lat'>‘</span> <span class='ocrx_word' id='word_1_122' title='bbox 886 2382 1078 2472; x_wconf 71' lang='lat' dir='ltr'><strong>‘Ego</strong></span> <span class='ocrx_word' id='word_1_123' title='bbox 1110 2394 1398 2472; x_wconf 89' lang='lat' dir='ltr'><strong>paratus</strong></span> <span class='ocrx_word' id='word_1_124' title='bbox 1431 2408 1621 2452; x_wconf 87' lang='lat' dir='ltr'><strong>eram</strong></span> <span class='ocrx_word' id='word_1_125' title='bbox 1648 2408 1807 2454; x_wconf 89' lang='lat' dir='ltr'><strong>cum</strong></span> <span class='ocrx_word' id='word_1_126' title='bbox 1840 2389 2239 2452; x_wconf 89' lang='lat' dir='ltr'><strong>muneribus</strong></span> <span class='ocrx_word' id='word_1_127' title='bbox 2268 2387 2517 2452; x_wconf 87' lang='lat' dir='ltr'><strong>Karoli</strong></span> <span class='ocrx_word' id='word_1_128' title='bbox 2559 2390 2752 2472; x_wconf 84' lang='lat' dir='ltr'><strong>regis</strong></span> 
     </span>
     <span class='ocr_line' id='line_1_22' title="bbox 843 2489 2755 2573; baseline 0.001 -19"><span class='ocrx_word' id='word_1_129' title='bbox 843 2489 930 2554; x_wconf 91' lang='lat' dir='ltr'><strong>ad</strong></span> <span class='ocrx_word' id='word_1_130' title='bbox 983 2509 1112 2555; x_wconf 82' lang='lat' dir='ltr'><strong>vos</strong></span> <span class='ocrx_word' id='word_1_131' title='bbox 1163 2489 1424 2568; x_wconf 83' lang='lat' dir='ltr'><strong>venire,</strong></span> <span class='ocrx_word' id='word_1_132' title='bbox 1480 2496 1553 2555; x_wconf 90' lang='lat' dir='ltr'><strong>et</strong></span> <span class='ocrx_word' id='word_1_133' title='bbox 1605 2490 1904 2573; x_wconf 89' lang='lat' dir='ltr'><strong>patriam</strong></span> <span class='ocrx_word' id='word_1_134' title='bbox 1957 2489 2251 2570; x_wconf 77' lang='lat' dir='ltr'><strong>reverti3</strong></span> <span class='ocrx_word' id='word_1_135' title='bbox 2326 2489 2448 2553; x_wconf 90' lang='lat' dir='ltr'><strong>sed</strong></span> <span class='ocrx_word' id='word_1_136' title='bbox 2500 2489 2755 2556; x_wconf 89' lang='lat' dir='ltr'><strong>melius</strong></span> 
     </span>
     <span class='ocr_line' id='line_1_23' title="bbox 842 2590 2752 2674; baseline 0.002 -21"><span class='ocrx_word' id='word_1_137' title='bbox 842 2590 1010 2654; x_wconf 91' lang='lat' dir='ltr'><strong>mihi</strong></span> <span class='ocrx_word' id='word_1_138' title='bbox 1063 2592 1290 2656; x_wconf 79' lang='lat' dir='ltr'><strong>visum</strong></span> <span class='ocrx_word' id='word_1_139' title='bbox 1344 2597 1452 2655; x_wconf 91' lang='lat' dir='ltr'><strong>est</strong></span> <span class='ocrx_word' id='word_1_140' title='bbox 1505 2597 1792 2674; x_wconf 88' lang='lat' dir='ltr'><strong>propter</strong></span> <span class='ocrx_word' id='word_1_141' title='bbox 1857 2609 2099 2673; x_wconf 88' lang='lat' dir='ltr'><strong>pacem</strong></span> <span class='ocrx_word' id='word_1_142' title='bbox 2153 2592 2383 2674; x_wconf 84' lang='lat' dir='ltr'><strong>gentis</strong></span> <span class='ocrx_word' id='word_1_143' title='bbox 2435 2610 2613 2655; x_wconf 83' lang='lat' dir='ltr'><strong>meae</strong></span> <span class='ocrx_word' id='word_1_144' title='bbox 2675 2593 2752 2656; x_wconf 88' lang='lat' dir='ltr'><strong>in</strong></span> 
     </span>
     <span class='ocr_line' id='line_1_24' title="bbox 841 2691 2757 2775; baseline 0.001 -20"><span class='ocrx_word' id='word_1_145' title='bbox 841 2692 1397 2774; x_wconf 84' lang='lat' dir='ltr'><strong>peregrinatione</strong></span> <span class='ocrx_word' id='word_1_146' title='bbox 1445 2710 1826 2770; x_wconf 87' lang='lat' dir='ltr'><strong>remanere,</strong></span> <span class='ocrx_word' id='word_1_147' title='bbox 1860 2692 2173 2756; x_wconf 88' lang='lat' dir='ltr'><strong>nesciens</strong></span> <span class='ocrx_word' id='word_1_148' title='bbox 2218 2692 2384 2775; x_wconf 93' lang='lat' dir='ltr'><strong>quid</strong></span> <span class='ocrx_word' id='word_1_149' title='bbox 2431 2691 2757 2757; x_wconf 86' lang='lat' dir='ltr'><strong>fecissem</strong></span> 
     </span>
     <span class='ocr_line' id='line_1_25' title="bbox 841 2791 2756 2875; baseline 0.001 -19"><span class='ocrx_word' id='word_1_150' title='bbox 841 2792 1028 2856; x_wconf 88' lang='lat' dir='ltr'><strong>inter</strong></span> <span class='ocrx_word' id='word_1_151' title='bbox 1073 2812 1218 2871; x_wconf 91' lang='lat' dir='ltr'><strong>eos,</strong></span> <span class='ocrx_word' id='word_1_152' title='bbox 1269 2792 1454 2856; x_wconf 89' lang='lat' dir='ltr'><strong>inter</strong></span> <span class='ocrx_word' id='word_1_153' title='bbox 1503 2811 1679 2875; x_wconf 92' lang='lat' dir='ltr'><strong>quos</strong></span> <span class='ocrx_word' id='word_1_154' title='bbox 1730 2791 1963 2855; x_wconf 91' lang='lat' dir='ltr'><strong>nullus</strong></span> <span class='ocrx_word' id='word_1_155' title='bbox 2000 2811 2285 2857; x_wconf 89' lang='lat' dir='ltr'><strong>securus</strong></span> <span class='ocrx_word' id='word_1_156' title='bbox 2318 2812 2494 2871; x_wconf 89' lang='lat' dir='ltr'><strong>esse,</strong></span> <span class='ocrx_word' id='word_1_157' title='bbox 2527 2795 2644 2858; x_wconf 81' lang='lat' dir='ltr'><strong>vel</strong></span> <span class='ocrx_word' id='word_1_158' title='bbox 2677 2795 2756 2857; x_wconf 90' lang='lat' dir='ltr'><strong>in</strong></span> 
     </span>
     <span class='ocr_line' id='line_1_26' title="bbox 825 2892 2761 2976; baseline 0.002 -21"><span class='ocrx_word' id='word_1_159' title='bbox 825 2892 1108 2957; x_wconf 77' lang='lat' dir='ltr'><strong>‘salubri</strong></span> <span class='ocrx_word' id='word_1_160' title='bbox 1186 2892 1475 2957; x_wconf 89' lang='lat' dir='ltr'><strong>consilio</strong></span> <span class='ocrx_word' id='word_1_161' title='bbox 1538 2893 1892 2976; x_wconf 89' lang='lat' dir='ltr'><strong>proficere,</strong></span> <span class='ocrx_word' id='word_1_162' title='bbox 1957 2900 2211 2976; x_wconf 88' lang='lat' dir='ltr'><strong>potest.</strong></span> <span class='ocrx_word' id='word_1_163' title='bbox 2350 2893 2535 2958; x_wconf 91' lang='lat' dir='ltr'><strong>Ecce</strong></span> <span class='ocrx_word' id='word_1_164' title='bbox 2597 2894 2761 2961; x_wconf 88' lang='lat' dir='ltr'><strong>loca</strong></span> 
     </span>
     <span class='ocr_line' id='line_1_27' title="bbox 845 2993 2763 3079; baseline 0.002 -23"><span class='ocrx_word' id='word_1_165' title='bbox 845 3001 1091 3057; x_wconf 87' lang='lat' dir='ltr'><strong>sancta</strong></span> <span class='ocrx_word' id='word_1_166' title='bbox 1110 3013 1154 3056; x_wconf 91' lang='lat' dir='ltr'><strong>a</strong></span> <span class='ocrx_word' id='word_1_167' title='bbox 1172 2994 1466 3077; x_wconf 80' lang='lat' dir='ltr'><strong>paganis</strong></span> <span class='ocrx_word' id='word_1_168' title='bbox 1488 3001 1791 3071; x_wconf 84' lang='lat' dir='ltr'><strong>vastata,</strong></span> <span class='ocrx_word' id='word_1_169' title='bbox 1826 2994 2078 3057; x_wconf 90' lang='lat' dir='ltr'><strong>altaria</strong></span> <span class='ocrx_word' id='word_1_170' title='bbox 2110 2993 2433 3079; x_wconf 84' lang='lat' dir='ltr'><strong>perjuriis</strong></span> <span class='ocrx_word' id='word_1_171' title='bbox 2465 2994 2763 3075; x_wconf 83' lang='lat' dir='ltr'><strong>foedata,</strong></span> 
     </span>
     <span class='ocr_line' id='line_1_28' title="bbox 845 3093 2761 3179; baseline 0.003 -23"><span class='ocrx_word' id='word_1_172' title='bbox 845 3094 1268 3157; x_wconf 87' lang='lat' dir='ltr'><strong>monasteria</strong></span> <span class='ocrx_word' id='word_1_173' title='bbox 1300 3094 1660 3158; x_wconf 86' lang='lat' dir='ltr'><strong>adulteriis</strong></span> <span class='ocrx_word' id='word_1_174' title='bbox 1692 3093 1979 3173; x_wconf 87' lang='lat' dir='ltr'><strong>violata,</strong></span> <span class='ocrx_word' id='word_1_175' title='bbox 2013 3102 2201 3159; x_wconf 90' lang='lat' dir='ltr'><strong>terra</strong></span> <span class='ocrx_word' id='word_1_176' title='bbox 2244 3095 2586 3179; x_wconf 86' lang='lat' dir='ltr'><strong>sanguine</strong></span> <span class='ocrx_word' id='word_1_177' title='bbox 2629 3096 2761 3161; x_wconf 92' lang='lat' dir='ltr'><strong>do-</strong></span> 
     </span>
     <span class='ocr_line' id='line_1_29' title="bbox 845 3194 2763 3279; baseline 0.003 -23"><span class='ocrx_word' id='word_1_178' title='bbox 845 3194 1186 3259; x_wconf 88' lang='lat' dir='ltr'><strong>minorum</strong></span> <span class='ocrx_word' id='word_1_179' title='bbox 1219 3201 1291 3259; x_wconf 91' lang='lat' dir='ltr'><strong>et</strong></span> <span class='ocrx_word' id='word_1_180' title='bbox 1333 3195 1719 3278; x_wconf 89' lang='lat' dir='ltr'><strong>principum</strong></span> <span class='ocrx_word' id='word_1_181' title='bbox 1754 3194 2068 3259; x_wconf 88' lang='lat' dir='ltr'><strong>foedata.&#39;</strong></span> <span class='ocrx_word' id='word_1_182' title='bbox 2172 3194 2351 3259; x_wconf 89' lang='lat' dir='ltr'><strong>Item</strong></span> <span class='ocrx_word' id='word_1_183' title='bbox 2408 3196 2496 3259; x_wconf 94' lang='lat' dir='ltr'><strong>ad</strong></span> <span class='ocrx_word' id='word_1_184' title='bbox 2542 3196 2763 3279; x_wconf 82' lang='lat' dir='ltr'><strong>Egel-</strong></span> 
     </span>
    </p>
   </div>
   <div class='ocr_carea' id='block_1_4' title="bbox 843 3354 2779 4409">
    <p class='ocr_par' dir='ltr' id='par_1_5' title="bbox 848 3354 2775 3481">
     <span class='ocr_line' id='line_1_30' title="bbox 924 3354 2775 3423; baseline 0.003 -18"><span class='ocrx_word' id='word_1_185' title='bbox 924 3354 1101 3421; x_wconf 74' lang='lat' dir='ltr'><strong>&#39;Ait.]</strong></span> <span class='ocrx_word' id='word_1_186' title='bbox 1135 3357 1204 3408; x_wconf 80' lang='lat' dir='ltr'><strong>A.</strong></span> <span class='ocrx_word' id='word_1_187' title='bbox 1220 3357 1278 3408; x_wconf 79' lang='lat' dir='ltr'><strong>S.</strong></span> <span class='ocrx_word' id='word_1_188' title='bbox 1300 3359 1360 3408; x_wconf 90' lang='lat' dir='ltr'><strong>C.</strong></span> <span class='ocrx_word' id='word_1_189' title='bbox 1375 3358 1446 3408; x_wconf 90' lang='lat' dir='ltr'><strong>D.</strong></span> <span class='ocrx_word' id='word_1_190' title='bbox 1465 3358 1528 3408; x_wconf 91' lang='lat' dir='ltr'><strong>L.</strong></span> <span class='ocrx_word' id='word_1_191' title='bbox 1544 3359 1661 3419; x_wconf 88' lang='lat' dir='ltr'><strong>M.;</strong></span> <span class='ocrx_word' id='word_1_192' title='bbox 1694 3358 1782 3420; x_wconf 86' lang='lat' dir='ltr'><strong>sit,</strong></span> <span class='ocrx_word' id='word_1_193' title='bbox 1830 3372 1981 3419; x_wconf 84' lang='lat' dir='ltr'><strong>pears</strong></span> <span class='ocrx_word' id='word_1_194' title='bbox 2012 3372 2149 3408; x_wconf 85' lang='lat' dir='ltr'><strong>some</strong></span> <span class='ocrx_word' id='word_1_195' title='bbox 2171 3358 2365 3421; x_wconf 83' lang='lat' dir='ltr'><strong>weight</strong></span> <span class='ocrx_word' id='word_1_196' title='bbox 2389 3359 2443 3407; x_wconf 86' lang='lat' dir='ltr'><strong>in</strong></span> <span class='ocrx_word' id='word_1_197' title='bbox 2477 3358 2563 3408; x_wconf 87' lang='lat' dir='ltr'><strong>the</strong></span> <span class='ocrx_word' id='word_1_198' title='bbox 2596 3361 2775 3423; x_wconf 81' lang='lat' dir='ltr'><strong>objec-</strong></span> 
     </span>
     <span class='ocr_line' id='line_1_31' title="bbox 848 3428 2774 3481; baseline 0.003 -6"><span class='ocrx_word' id='word_1_199' title='bbox 848 3428 915 3477; x_wconf 89' lang='lat' dir='ltr'><strong>E.</strong></span> <span class='ocrx_word' id='word_1_200' title='bbox 1828 3429 1952 3478; x_wconf 86' lang='lat' dir='ltr'><strong>tion.</strong></span> <span class='ocrx_word' id='word_1_201' title='bbox 2041 3428 2141 3479; x_wconf 88' lang='lat' dir='ltr'><strong>See</strong></span> <span class='ocrx_word' id='word_1_202' title='bbox 2194 3429 2402 3478; x_wconf 86' lang='lat' dir='ltr'><strong>Alcuin&#39;</strong></span> <span class='ocrx_word' id='word_1_203' title='bbox 2402 3444 2429 3479; x_wconf 88' lang='lat' dir='ltr'><strong>s</strong></span> <span class='ocrx_word' id='word_1_204' title='bbox 2478 3430 2656 3480; x_wconf 85' lang='lat' dir='ltr'><strong>letters</strong></span> <span class='ocrx_word' id='word_1_205' title='bbox 2712 3437 2774 3481; x_wconf 91' lang='lat' dir='ltr'><strong>to</strong></span> 
     </span>
    </p>

    <p class='ocr_par' dir='ltr' id='par_1_6' title="bbox 843 3491 2775 3633">
     <span class='ocr_line' id='line_1_32' title="bbox 917 3491 2775 3567; baseline 0.002 -20"><span class='ocrx_word' id='word_1_206' title='bbox 917 3493 940 3527; x_wconf 79' lang='lat'>²</span> <span class='ocrx_word' id='word_1_207' title='bbox 971 3491 1292 3567; x_wconf 54' lang='grc' dir='ltr'><strong>Πίνακι]</strong></span> <span class='ocrx_word' id='word_1_208' title='bbox 1353 3496 1461 3548; x_wconf 83' lang='lat' dir='ltr'><strong>The</strong></span> <span class='ocrx_word' id='word_1_209' title='bbox 1503 3498 1686 3548; x_wconf 85' lang='lat' dir='ltr'><strong>mouks</strong></span> <span class='ocrx_word' id='word_1_210' title='bbox 1730 3498 1788 3548; x_wconf 85' lang='lat' dir='ltr'><strong>of</strong></span> <span class='ocrx_word' id='word_1_211' title='bbox 1830 3499 2084 3562; x_wconf 80' lang='lat' dir='ltr'><strong>Eanbald,</strong></span> <span class='ocrx_word' id='word_1_212' title='bbox 2134 3500 2437 3561; x_wconf 82' lang='lat' dir='ltr'><strong>arehbishop</strong></span> <span class='ocrx_word' id='word_1_213' title='bbox 2492 3500 2551 3549; x_wconf 83' lang='lat' dir='ltr'><strong>of</strong></span> <span class='ocrx_word' id='word_1_214' title='bbox 2598 3502 2775 3565; x_wconf 85' lang='lat' dir='ltr'><strong>York,</strong></span> 
     </span>
     <span class='ocr_line' id='line_1_33' title="bbox 843 3568 2773 3633; baseline 0.002 -13"><span class='ocrx_word' id='word_1_215' title='bbox 843 3568 881 3620; x_wconf 84' lang='lat' dir='ltr'><strong>J</strong></span> <span class='ocrx_word' id='word_1_216' title='bbox 884 3582 1066 3619; x_wconf 82' lang='lat' dir='ltr'><strong>arrow</strong></span> <span class='ocrx_word' id='word_1_217' title='bbox 1829 3570 1931 3618; x_wconf 85' lang='lat' dir='ltr'><strong>and</strong></span> <span class='ocrx_word' id='word_1_218' title='bbox 1974 3574 2027 3619; x_wconf 80' lang='lat' dir='ltr'><strong>to</strong></span> <span class='ocrx_word' id='word_1_219' title='bbox 2063 3570 2447 3633; x_wconf 82' lang='lat' dir='ltr'><strong>Charlemagne,</strong></span> <span class='ocrx_word' id='word_1_220' title='bbox 2479 3571 2653 3621; x_wconf 83' lang='lat' dir='ltr'><strong>where</strong></span> <span class='ocrx_word' id='word_1_221' title='bbox 2698 3574 2773 3624; x_wconf 84' lang='lat' dir='ltr'><strong>he</strong></span> 
     </span>
    </p>

    <p class='ocr_par' dir='ltr' id='par_1_7' title="bbox 849 3635 2773 3847">
     <span class='ocr_line' id='line_1_34' title="bbox 921 3635 2773 3704; baseline 0.004 -17"><span class='ocrx_word' id='word_1_222' title='bbox 921 3635 943 3666; x_wconf 80' lang='lat'><strong>³</strong></span> <span class='ocrx_word' id='word_1_223' title='bbox 966 3640 1291 3701; x_wconf 79' lang='lat' dir='ltr'><strong>Recogitate.</strong></span> <span class='ocrx_word' id='word_1_224' title='bbox 1326 3639 1661 3703; x_wconf 54' lang='lat' dir='ltr'><strong>..glor-iana]</strong></span> <span class='ocrx_word' id='word_1_225' title='bbox 1685 3639 1780 3689; x_wconf 88' lang='lat' dir='ltr'><strong>See</strong></span> <span class='ocrx_word' id='word_1_226' title='bbox 1830 3640 1959 3689; x_wconf 87' lang='lat' dir='ltr'><strong>calls</strong></span> <span class='ocrx_word' id='word_1_227' title='bbox 1994 3640 2316 3702; x_wconf 86' lang='lat' dir='ltr'><strong>Archbishop</strong></span> <span class='ocrx_word' id='word_1_228' title='bbox 2351 3642 2610 3704; x_wconf 79' lang='lat' dir='ltr'><strong>Ecgberht</strong></span> <span class='ocrx_word' id='word_1_229' title='bbox 2644 3644 2663 3671; x_wconf 90' lang='lat'>‘</span> <span class='ocrx_word' id='word_1_230' title='bbox 2687 3646 2773 3694; x_wconf 85' lang='lat' dir='ltr'><strong>di-</strong></span> 
     </span>
     <span class='ocr_line' id='line_1_35' title="bbox 849 3709 2771 3780; baseline 0.003 -21"><span class='ocrx_word' id='word_1_231' title='bbox 849 3709 1060 3759; x_wconf 78' lang='lat' dir='ltr'><strong>Alcuini</strong></span> <span class='ocrx_word' id='word_1_232' title='bbox 1103 3710 1294 3772; x_wconf 85' lang='lat' dir='ltr'><strong>Opera,</strong></span> <span class='ocrx_word' id='word_1_233' title='bbox 1347 3713 1468 3760; x_wconf 82' lang='lat' dir='ltr'><strong>tom.</strong></span> <span class='ocrx_word' id='word_1_234' title='bbox 1516 3722 1555 3761; x_wconf 90' lang='lat'><strong>1.</strong></span> <span class='ocrx_word' id='word_1_235' title='bbox 1600 3726 1653 3772; x_wconf 90' lang='lat' dir='ltr'><strong>p.</strong></span> <span class='ocrx_word' id='word_1_236' title='bbox 1699 3714 1782 3773; x_wconf 78' lang='lat'><strong>22,</strong></span> <span class='ocrx_word' id='word_1_237' title='bbox 1829 3711 1991 3761; x_wconf 85' lang='lat' dir='ltr'><strong>lectus</strong></span> <span class='ocrx_word' id='word_1_238' title='bbox 2005 3714 2246 3775; x_wconf 79' lang='lat' dir='ltr'><strong>magister</strong></span> <span class='ocrx_word' id='word_1_239' title='bbox 2257 3712 2438 3763; x_wconf 59' lang='lat' dir='ltr'><strong>meus?</strong></span> <span class='ocrx_word' id='word_1_240' title='bbox 2480 3712 2578 3763; x_wconf 87' lang='lat' dir='ltr'><strong>See</strong></span> <span class='ocrx_word' id='word_1_241' title='bbox 2592 3719 2771 3780; x_wconf 84' lang='lat' dir='ltr'><strong>antea,</strong></span> 
     </span>
     <span class='ocr_line' id='line_1_36' title="bbox 851 3780 2143 3847; baseline 0 -18"><span class='ocrx_word' id='word_1_242' title='bbox 851 3780 1002 3841; x_wconf 81' lang='lat' dir='ltr'><strong>epist.</strong></span> <span class='ocrx_word' id='word_1_243' title='bbox 1024 3792 1146 3831; x_wconf 86' lang='lat' dir='ltr'><strong>xm.</strong></span> <span class='ocrx_word' id='word_1_244' title='bbox 1829 3780 1961 3847; x_wconf 81' lang='lat'><strong>§66,</strong></span> <span class='ocrx_word' id='word_1_245' title='bbox 1981 3798 2035 3843; x_wconf 89' lang='lat' dir='ltr'><strong>p.</strong></span> <span class='ocrx_word' id='word_1_246' title='bbox 2058 3786 2143 3832; x_wconf 81' lang='lat'><strong>94.</strong></span> 
     </span>
    </p>

    <p class='ocr_par' dir='ltr' id='par_1_8' title="bbox 851 3848 2779 4409">
     <span class='ocr_line' id='line_1_37' title="bbox 923 3848 2771 3923; baseline 0.004 -25"><span class='ocrx_word' id='word_1_247' title='bbox 923 3848 946 3880; x_wconf 81' lang='lat'><strong>⁴</strong></span> <span class='ocrx_word' id='word_1_248' title='bbox 968 3852 1146 3899; x_wconf 72' lang='lat' dir='ltr'><strong>Nostri</strong></span> <span class='ocrx_word' id='word_1_249' title='bbox 1179 3850 1410 3915; x_wconf 66' lang='lat' dir='ltr'><strong>temporie</strong></span> <span class='ocrx_word' id='word_1_250' title='bbox 1443 3849 1779 3914; x_wconf 68' lang='lat' dir='ltr'><strong>magistrum]</strong></span> <span class='ocrx_word' id='word_1_251' title='bbox 1898 3850 1920 3881; x_wconf 82' lang='lat'>⁵</span> <span class='ocrx_word' id='word_1_252' title='bbox 1944 3854 2059 3903; x_wconf 69' lang='lat' dir='ltr'><strong>Nem</strong></span> <span class='ocrx_word' id='word_1_253' title='bbox 2076 3868 2167 3917; x_wconf 75' lang='lat' dir='ltr'><strong>pro</strong></span> <span class='ocrx_word' id='word_1_254' title='bbox 2188 3852 2301 3903; x_wconf 73' lang='lat' dir='ltr'><strong>auri</strong></span> <span class='ocrx_word' id='word_1_255' title='bbox 2315 3887 2329 3903; x_wconf 95' lang='lat'><strong>.</strong></span> <span class='ocrx_word' id='word_1_256' title='bbox 2346 3887 2360 3903; x_wconf 93' lang='lat'><strong><em>.</em></strong></span> <span class='ocrx_word' id='word_1_257' title='bbox 2381 3888 2394 3903; x_wconf 94' lang='lat'><strong><em>.</em></strong></span> <span class='ocrx_word' id='word_1_258' title='bbox 2411 3853 2771 3923; x_wconf 56' lang='lat' dir='ltr'><strong>neemanim]</strong></span> 
     </span>
     <span class='ocr_line' id='line_1_38' title="bbox 852 3920 2777 3977; baseline 0.004 -9"><span class='ocrx_word' id='word_1_259' title='bbox 852 3920 1002 3969; x_wconf 87' lang='lat' dir='ltr'><strong>From</strong></span> <span class='ocrx_word' id='word_1_260' title='bbox 1034 3922 1178 3972; x_wconf 78' lang='lat' dir='ltr'><strong>these</strong></span> <span class='ocrx_word' id='word_1_261' title='bbox 1219 3922 1390 3971; x_wconf 81' lang='lat' dir='ltr'><strong>words</strong></span> <span class='ocrx_word' id='word_1_262' title='bbox 1434 3920 1674 3970; x_wconf 78' lang='lat' dir='ltr'><strong>Canisius</strong></span> <span class='ocrx_word' id='word_1_263' title='bbox 1708 3921 1784 3969; x_wconf 83' lang='lat' dir='ltr'><strong>in·</strong></span> <span class='ocrx_word' id='word_1_264' title='bbox 1829 3922 1937 3971; x_wconf 86' lang='lat' dir='ltr'><strong>The</strong></span> <span class='ocrx_word' id='word_1_265' title='bbox 1974 3924 2121 3973; x_wconf 83' lang='lat' dir='ltr'><strong>letter</strong></span> <span class='ocrx_word' id='word_1_266' title='bbox 2156 3923 2283 3973; x_wconf 81' lang='lat' dir='ltr'><strong>from</strong></span> <span class='ocrx_word' id='word_1_267' title='bbox 2315 3924 2486 3973; x_wconf 83' lang='lat' dir='ltr'><strong>which</strong></span> <span class='ocrx_word' id='word_1_268' title='bbox 2520 3924 2777 3977; x_wconf 74' lang='lat' dir='ltr'><strong>Malmea-</strong></span> 
     </span>
     <span class='ocr_line' id='line_1_39' title="bbox 853 3990 2773 4059; baseline 0.005 -20"><span class='ocrx_word' id='word_1_269' title='bbox 853 3990 955 4040; x_wconf 82' lang='lat' dir='ltr'><strong>fers</strong></span> <span class='ocrx_word' id='word_1_270' title='bbox 999 3991 1110 4041; x_wconf 89' lang='lat' dir='ltr'><strong>that</strong></span> <span class='ocrx_word' id='word_1_271' title='bbox 1152 3992 1342 4041; x_wconf 82' lang='lat' dir='ltr'><strong>Alcuin</strong></span> <span class='ocrx_word' id='word_1_272' title='bbox 1384 4005 1495 4041; x_wconf 83' lang='lat' dir='ltr'><strong>was</strong></span> <span class='ocrx_word' id='word_1_273' title='bbox 1551 3996 1641 4041; x_wconf 90' lang='lat' dir='ltr'><strong>not</strong></span> <span class='ocrx_word' id='word_1_274' title='bbox 1695 3991 1780 4042; x_wconf 88' lang='lat' dir='ltr'><strong>the</strong></span> <span class='ocrx_word' id='word_1_275' title='bbox 1830 3994 1960 4055; x_wconf 83' lang='lat' dir='ltr'><strong>bury</strong></span> <span class='ocrx_word' id='word_1_276' title='bbox 1982 3994 2241 4044; x_wconf 84' lang='lat' dir='ltr'><strong>extracted</strong></span> <span class='ocrx_word' id='word_1_277' title='bbox 2272 3994 2375 4045; x_wconf 79' lang='lat' dir='ltr'><strong>this</strong></span> <span class='ocrx_word' id='word_1_278' title='bbox 2407 4008 2629 4059; x_wconf 77' lang='lat' dir='ltr'><strong>passage</strong></span> <span class='ocrx_word' id='word_1_279' title='bbox 2651 4014 2773 4049; x_wconf 77' lang='lat' dir='ltr'><strong>was</strong></span> 
     </span>
     <span class='ocr_line' id='line_1_40' title="bbox 852 4061 2779 4125; baseline 0.006 -16"><span class='ocrx_word' id='word_1_280' title='bbox 852 4062 999 4123; x_wconf 88' lang='lat' dir='ltr'><strong>pupil</strong></span> <span class='ocrx_word' id='word_1_281' title='bbox 1021 4062 1080 4112; x_wconf 84' lang='lat' dir='ltr'><strong>of</strong></span> <span class='ocrx_word' id='word_1_282' title='bbox 1109 4064 1256 4112; x_wconf 85' lang='lat' dir='ltr'><strong>Beda</strong></span> <span class='ocrx_word' id='word_1_283' title='bbox 1279 4078 1294 4123; x_wconf 89' lang='lat'>;</span> <span class='ocrx_word' id='word_1_284' title='bbox 1329 4063 1345 4091; x_wconf 86' lang='lat'>‘</span> <span class='ocrx_word' id='word_1_285' title='bbox 1368 4061 1446 4111; x_wconf 85' lang='lat' dir='ltr'><strong>for</strong></span> <span class='ocrx_word' id='word_1_286' title='bbox 1471 4061 1631 4125; x_wconf 79' lang='lat' dir='ltr'><strong>why,&#39;</strong></span> <span class='ocrx_word' id='word_1_287' title='bbox 1662 4075 1781 4124; x_wconf 79' lang='lat' dir='ltr'><strong>says</strong></span> <span class='ocrx_word' id='word_1_288' title='bbox 1829 4068 1917 4112; x_wconf 91' lang='lat' dir='ltr'><strong>not</strong></span> <span class='ocrx_word' id='word_1_289' title='bbox 1928 4065 2179 4115; x_wconf 85' lang='lat' dir='ltr'><strong>knownto</strong></span> <span class='ocrx_word' id='word_1_290' title='bbox 2192 4065 2276 4114; x_wconf 86' lang='lat' dir='ltr'><strong>the</strong></span> <span class='ocrx_word' id='word_1_291' title='bbox 2288 4066 2452 4115; x_wconf 86' lang='lat' dir='ltr'><strong>editor</strong></span> <span class='ocrx_word' id='word_1_292' title='bbox 2462 4065 2521 4115; x_wconf 80' lang='lat' dir='ltr'><strong>of</strong></span> <span class='ocrx_word' id='word_1_293' title='bbox 2529 4066 2779 4121; x_wconf 82' lang='lat' dir='ltr'><strong>Alcuin&#39;s</strong></span> 
     </span>
     <span class='ocr_line' id='line_1_41' title="bbox 851 4131 2263 4197; baseline 0.004 -17"><span class='ocrx_word' id='word_1_294' title='bbox 851 4131 936 4195; x_wconf 87' lang='lat' dir='ltr'><strong>he,</strong></span> <span class='ocrx_word' id='word_1_295' title='bbox 989 4133 1006 4160; x_wconf 89' lang='lat'>‘</span> <span class='ocrx_word' id='word_1_296' title='bbox 1040 4131 1168 4182; x_wconf 82' lang='lat' dir='ltr'><strong>have</strong></span> <span class='ocrx_word' id='word_1_297' title='bbox 1221 4133 1406 4181; x_wconf 90' lang='lat' dir='ltr'><strong>denied</strong></span> <span class='ocrx_word' id='word_1_298' title='bbox 1457 4133 1562 4183; x_wconf 79' lang='lat' dir='ltr'><strong>this</strong></span> <span class='ocrx_word' id='word_1_299' title='bbox 1613 4134 1781 4194; x_wconf 82' lang='lat' dir='ltr'><strong>praise</strong></span> <span class='ocrx_word' id='word_1_300' title='bbox 1829 4135 2019 4197; x_wconf 63' lang='grc' dir='ltr'><strong>ποι-118,</strong></span> <span class='ocrx_word' id='word_1_301' title='bbox 2040 4136 2091 4184; x_wconf 87' lang='grc'><strong>111</strong></span> <span class='ocrx_word' id='word_1_302' title='bbox 2117 4139 2263 4186; x_wconf 87' lang='grc'><strong>1777.</strong></span> 
     </span>
     <span class='ocr_line' id='line_1_42' title="bbox 851 4202 2778 4271; baseline 0.003 -20"><span class='ocrx_word' id='word_1_303' title='bbox 851 4205 904 4251; x_wconf 87' lang='lat' dir='ltr'><strong>to</strong></span> <span class='ocrx_word' id='word_1_304' title='bbox 949 4202 1114 4263; x_wconf 87' lang='lat' dir='ltr'><strong>Beda,</strong></span> <span class='ocrx_word' id='word_1_305' title='bbox 1164 4204 1265 4252; x_wconf 88' lang='lat' dir='ltr'><strong>and</strong></span> <span class='ocrx_word' id='word_1_306' title='bbox 1309 4206 1396 4252; x_wconf 88' lang='lat' dir='ltr'><strong>not</strong></span> <span class='ocrx_word' id='word_1_307' title='bbox 1437 4204 1608 4253; x_wconf 85' lang='lat' dir='ltr'><strong>rather</strong></span> <span class='ocrx_word' id='word_1_308' title='bbox 1651 4203 1779 4253; x_wconf 85' lang='lat' dir='ltr'><strong>have</strong></span> <span class='ocrx_word' id='word_1_309' title='bbox 1900 4202 1921 4235; x_wconf 82' lang='lat'><strong>⁶</strong></span> <span class='ocrx_word' id='word_1_310' title='bbox 1943 4206 2330 4270; x_wconf 70' lang='lat' dir='ltr'><strong>Egoparatus..</strong></span> <span class='ocrx_word' id='word_1_311' title='bbox 2351 4206 2661 4271; x_wconf 49' lang='lat' dir='ltr'><strong>mrim-ipen·</strong></span> <span class='ocrx_word' id='word_1_312' title='bbox 2670 4210 2778 4270; x_wconf 79' lang='lat' dir='ltr'><strong>soe-</strong></span> 
     </span>
     <span class='ocr_line' id='line_1_43' title="bbox 852 4272 2777 4345; baseline 0.004 -23"><span class='ocrx_word' id='word_1_313' title='bbox 852 4272 1017 4322; x_wconf 82' lang='lat' dir='ltr'><strong>called</strong></span> <span class='ocrx_word' id='word_1_314' title='bbox 1054 4274 1159 4323; x_wconf 78' lang='lat' dir='ltr'><strong>him</strong></span> <span class='ocrx_word' id='word_1_315' title='bbox 1192 4274 1274 4323; x_wconf 84' lang='lat' dir='ltr'><strong>his</strong></span> <span class='ocrx_word' id='word_1_316' title='bbox 1310 4276 1496 4323; x_wconf 77' lang='lat' dir='ltr'><strong>master</strong></span> <span class='ocrx_word' id='word_1_317' title='bbox 1515 4274 1652 4325; x_wconf 87' lang='lat' dir='ltr'><strong>than</strong></span> <span class='ocrx_word' id='word_1_318' title='bbox 1696 4274 1780 4323; x_wconf 84' lang='lat' dir='ltr'><strong>the</strong></span> <span class='ocrx_word' id='word_1_319' title='bbox 1827 4276 1987 4341; x_wconf 61' lang='lat' dir='ltr'><strong>datm]</strong></span> <span class='ocrx_word' id='word_1_320' title='bbox 2033 4277 2129 4326; x_wconf 88' lang='lat' dir='ltr'><strong>See</strong></span> <span class='ocrx_word' id='word_1_321' title='bbox 2150 4277 2357 4327; x_wconf 81' lang='lat' dir='ltr'><strong>Alcuin.</strong></span> <span class='ocrx_word' id='word_1_322' title='bbox 2381 4276 2485 4340; x_wconf 89' lang='lat' dir='ltr'><strong>Op.</strong></span> <span class='ocrx_word' id='word_1_323' title='bbox 2508 4282 2632 4329; x_wconf 81' lang='lat' dir='ltr'><strong>tom.</strong></span> <span class='ocrx_word' id='word_1_324' title='bbox 2658 4294 2699 4331; x_wconf 83' lang='lat'><strong>1.</strong></span> <span class='ocrx_word' id='word_1_325' title='bbox 2715 4298 2777 4345; x_wconf 88' lang='lat' dir='ltr'><strong>p.</strong></span> 
     </span>
     <span class='ocr_line' id='line_1_44' title="bbox 851 4343 2238 4409; baseline 0.004 -18"><span class='ocrx_word' id='word_1_326' title='bbox 851 4346 1039 4393; x_wconf 84' lang='lat' dir='ltr'><strong>master</strong></span> <span class='ocrx_word' id='word_1_327' title='bbox 1057 4343 1116 4395; x_wconf 83' lang='lat' dir='ltr'><strong>of</strong></span> <span class='ocrx_word' id='word_1_328' title='bbox 1146 4344 1228 4393; x_wconf 83' lang='lat' dir='ltr'><strong>his</strong></span> <span class='ocrx_word' id='word_1_329' title='bbox 1253 4343 1438 4393; x_wconf 55' lang='lat' dir='ltr'><strong>time?</strong></span> <span class='ocrx_word' id='word_1_330' title='bbox 1506 4344 1669 4395; x_wconf 80' lang='lat' dir='ltr'><strong>There</strong></span> <span class='ocrx_word' id='word_1_331' title='bbox 1693 4360 1783 4407; x_wconf 87' lang='lat' dir='ltr'><strong>ap·-</strong></span> <span class='ocrx_word' id='word_1_332' title='bbox 1829 4350 1913 4408; x_wconf 85' lang='grc'><strong>57,</strong></span> <span class='ocrx_word' id='word_1_333' title='bbox 1934 4348 2083 4409; x_wconf 84' lang='lat' dir='ltr'><strong>epist.</strong></span> <span class='ocrx_word' id='word_1_334' title='bbox 2110 4361 2238 4398; x_wconf 87' lang='lat' dir='ltr'><strong>x1.11.</strong></span> 
     </span>
    </p>
   </div>
  </div>
 </body>
</html>
