3023 5045
289 531 425 579 ms.
461 513 570 598 11.]
740 531 967 580 essm
1017 531 1272 579 nucum
1321 529 1749 579 Anononum.
2064 515 2196 580 353

285 704 537 769 corpus
583 701 750 762 vero
795 687 1088 753 forsitan
1139 687 1270 754 hoc
1317 688 1527 752 modo
1572 686 1957 754 servabitis.
2066 677 2189 752 In·

283 787 464 852 suite
499 781 640 852 ¹me
673 789 861 852 corio
895 791 1200 866 cervino,
1231 789 1481 853 deinde
1509 788 1583 851 in
1618 787 2050 870 sarcophago
2080 788 2184 853 la-

279 887 484 970 pideo
527 887 873 971 supinate,
906 890 1304 972 operculum
1348 889 1633 971 plumbo
1676 895 1747 952 et
1790 887 1970 952 ferro
2016 907 2183 952 con·

275 987 642 1069 stringite3
689 1005 897 1071 super
939 988 1088 1052 haec
1134 989 1436 1072 lapidem
1485 988 1707 1052 tribus
1754 988 2018 1052 catenis
2048 987 2183 1052 fer..

283 1087 442 1164 rei8‚
491 1088 730 1170 magni
779 1088 1046 1153 scilicet
1090 1087 1436 1172 ponderis,
1480 1087 1943 1153 circumdate:
1991 1088 2179 1171 psal·

279 1187 566 1251 micines
614 1188 1122 1270 quinquaginta
1163 1189 1304 1253 sint
1345 1188 1687 1265 noctibuS‚
1732 1188 2177 1272 ejusdemque

279 1287 550 1350 numeri
581 1288 811 1352 missae
855 1289 1122 1367 diebuS‚
1156 1289 1278 1371 qui
1324 1287 1877 1353 adversariorum
1926 1307 2175 1352 excur-

279 1404 399 1450 sus
441 1386 706 1452 feroces
736 1388 1068 1471 levigent.
1173 1387 1312 1466 Ita,
1347 1389 1409 1452 si
1453 1389 1672 1452 tribus
1702 1388 2021 1452 noctibus
2064 1407 2174 1452 se·

279 1505 440 1553 cure
463 1486 776 1572 jacuero,
805 1496 1058 1571 quarta
1083 1487 1195 1552 die
1223 1488 1510 1553 infodite
1547 1494 1839 1552 matrem
1870 1495 2173 1553 vestram

271 1585 486 1652 humo
517 1607 536 1667 3
582 1605 978 1671 quanquam
1007 1607 1252 1653 verear
1293 1608 1380 1652 ne
1422 1587 1650 1669 fugiat
1678 1594 1865 1651 terra
1906 1587 2171 1652 sinibus

275 1706 386 1752 me
435 1688 742 1770 recipere
780 1695 851 1753 et
892 1688 1127 1754 fovere
1167 1688 1337 1765 suis,
1370 1707 1529 1771 quae
1575 1687 1827 1752 totiens
1874 1695 2171 1775 grayata

241 1787 383 1852 'est
436 1787 720 1854 malitiis
765 1788 982 1853 meis?
1087 1788 1381 1852 Factum
1435 1794 1545 1852 est
1596 1793 1677 1850 ut
1720 1787 2179 1870 praeceperat,

269 1886 411 1952 illis
438 1906 698 1970 magno
728 1888 960 1953 studio
979 1887 1555 1952 incumbentibus.
1658 1885 1818 1965 Sed,
1844 1883 2167 1970 prohne-

272 1987 412 2052 fas!
453 1987 553 2052 nil
572 1987 945 2074 lachrymae
963 1988 1244 2053 valuere
1260 1989 1420 2071 piae,
1447 1987 1546 2050 nil
1564 1994 1752 2064 vota,
1774 1986 1872 2050 nil
1893 2005 2166 2069 preces;

273 2093 475 2153 tanta
517 2094 670 2152 erat
713 2089 1132 2153 mulierculae
1175 2088 1464 2166 malitia,
1497 2093 1702 2151 tanta
1729 2086 1986 2151 diaboli
2018 2087 2168 2152 vio-

271 2186 512 2252 lentia.
615 2187 870 2252 Primis
899 2189 1083 2253 enim
1113 2189 1381 2252 duabus
1418 2188 1761 2264 noctibus,
1792 2206 1945 2250 cum
1976 2185 2168 2250 chori

275 2287 680 2353 clericorum
732 2289 1038 2372 psalmos
1102 2288 1290 2352 circa
1341 2285 1596 2370 corpus
1649 2294 2165 2369 concreparent,

269 2387 534 2470 singuli
564 2388 910 2453 daemones
954 2389 1209 2454 ostium
1257 2386 1594 2465 ecclesiae,
1638 2387 1919 2450 immani
1970 2386 2166 2450 obice

271 2487 610 2567 clausum,
640 2488 780 2554 levi
817 2489 1099 2572 negotio
1129 2487 1621 2571 defringentes,
1651 2495 1999 2552 extremas
2048 2504 2165 2550 ca-

268 2594 468 2653 tenas
518 2588 972 2672 diruperunt3
1021 2589 1269 2667 media,
1296 2607 1454 2671 quae
1503 2586 1883 2670 operiosius
1932 2586 2165 2651 elabo-

271 2696 430 2753 rata
475 2696 650 2767 erat,
669 2682 996 2754 '²illibata
1019 2690 1320 2754 duravit.
1421 2688 1665 2753 Tertia
1707 2696 1933 2764 nocte,
1979 2688 2166 2751 circa

265 2788 723 2871 gallicinium,
751 2790 1047 2872 strepitu
1078 2789 1591 2855 advenientium
1629 2787 1929 2865 hostium
1963 2784 2164 2851 omne

267 2890 766 2954 monasterium
797 2909 842 2954 a
866 2890 1333 2953 fundamentis
1353 2882 1643 2953 ‘’moveri
1658 2886 1885 2952 visum
1908 2906 1927 2950 t
1955 2905 2161 2965 unuS,

268 2989 541 3054 caeteris
580 2996 652 3053 et
678 2988 878 3055 vultu
919 2989 1288 3054 terribilior
1315 2996 1385 3053 et
1415 2994 1689 3052 statura
1730 2986 2161 3064 eminentior,

255 3089 519 3172 januas
563 3088 811 3173 majori
839 3089 911 3153 vi
939 3108 1308 3155 concussas
1351 3089 1424 3152 in
1465 3087 1857 3169 fragmenta
1885 3084 2157 3170 dejecit.

265 3190 637 3271 Diriguere
693 3189 925 3253 clerici
969 3197 1186 3268 metu,
1229 3180 1778 3269 “steteruntque
1825 3204 2041 3250 comae
2089 3194 2160 3251 et

263 3307 410 3354 vox
453 3288 768 3353 faucibus
819 3286 1069 3354 haesit!
1175 3288 1308 3355 Ille
1351 3286 1731 3370 arroganti,
1763 3293 1845 3351 ut
1877 3286 2159 3351 videba-

264 3395 402 3467 tur,
427 3397 630 3472 gestu
659 3388 748 3453 ad
769 3390 1275 3471 sarcophagum
1301 3388 1619 3465 accessit,
1650 3386 2162 3468 inclamatoque

263 3488 564 3567 nomine,
607 3496 688 3553 ut
726 3498 1040 3571 surgeret
1079 3486 1483 3571 imperavit:
1527 3506 1667 3569 qua
1704 3486 2159 3569 respondente

260 3588 452 3671 quod
479 3589 798 3671 nequiret
829 3608 958 3671 pro
991 3588 1311 3671 vinculiS,
1340 3594 1360 3623 ‘
1387 3586 1739 3663 Solveris,’
1768 3585 2017 3668 inquit,
2048 3590 2069 3620 ‘
2089 3593 2163 3650 et

263 3689 450 3757 malo
493 3697 618 3754 tuo
645 3689 688 3769 ς’
741 3689 1115 3773 statimque
1160 3695 1500 3765 catenam,
1550 3705 1708 3770 quae
1754 3692 2161 3751 caeterorum

333 3980 348 4012 ¹
372 3977 508 4051 Ma]
549 3983 611 4034 C.
649 3982 721 4033 D.
763 3983 830 4037 E.
843 3996 862 4045 3
896 3979 1102 4031 omitted
1139 3980 1193 4029 in
1313 3976 1334 4007 ⁸
1355 3978 1552 4027 Moneri
1590 3976 1792 4041 visum]
1848 3976 1910 4027 C.
1952 3975 2024 4025 D.
2064 3975 2129 4026 Ε.
2150 3991 2166 4036 ;

260 4054 329 4106 A.
354 4054 414 4104 S.
437 4054 502 4103 L.
1242 4049 1408 4098 visum
1440 4051 1520 4098 est
1554 4047 1732 4106 everti,
1768 4046 1859 4106 ἃς
1888 4047 2074 4107 visum,
2095 4044 2164 4097 A.

327 4121 352 4155 ²
374 4123 583 4173 Illibata
623 4114 869 4189 duravit]
908 4122 970 4171 C.
993 4120 1064 4170 D.
1092 4120 1157 4170 E.
1178 4134 1192 4180 3
1242 4120 1289 4168 L
1305 4123 1386 4180 1.;
1407 4118 1424 4147 ‘
1441 4122 1523 4167 est
1541 4117 1700 4166 everti
1714 4117 1732 4141 ⁹
1753 4115 2021 4165 interlined
2042 4117 2112 4177 by
2133 4130 2167 4165 a

257 4194 470 4244 omitted
492 4194 546 4242 in
568 4191 637 4243 A.
663 4192 766 4241 and
802 4193 849 4241 L
867 4196 914 4241 1.
933 4207 949 4252 ς
965 4191 981 4219 ‘
997 4191 1195 4253 integra
1242 4189 1475 4239 different
1494 4187 1632 4237 hand
1653 4187 1707 4235 in
1728 4187 1837 4236 La.

259 4264 538 4324 remansit,'
561 4263 621 4312 S.
648 4262 749 4311 and
781 4261 1050 4311 interlined
1069 4262 1139 4322 by
1162 4275 1194 4309 a
1313 4257 1334 4287 ⁴
1349 4260 1694 4320 Steteruntque
1708 4270 1851 4305 coma
1873 4258 1923 4304 et
1942 4271 2038 4305 vox
2046 4254 2168 4314 sau·

255 4335 492 4385 different
516 4332 656 4383 hand
680 4333 734 4381 in
757 4332 802 4381 L
816 4336 866 4383 2.
1243 4328 1380 4379 cibus
1401 4325 1585 4387 hesit]
1626 4328 1771 4388 Virg.
1796 4326 1912 4376 AEn.
1936 4338 2020 4377 111.
2044 4328 2129 4377 48.

1743 4402 1864 4467 2Α
