3023 5045
840 500 973 566 310
1286 515 1517 564 GBS'PA
1563 512 1819 565 uncum
1868 517 2298 565 ANcLoRUM.
2463 501 2637 584 [Lm.
2676 517 2759 565 ιι.

847 674 936 740 ad
969 673 1157 739 istud
1190 675 1587 758 proximum
1620 694 1855 756 mare3
1902 675 2023 758 qui
2072 693 2311 740 omnes
2355 694 2467 740 me
2508 681 2580 739 et
2627 674 2758 739 ho-

849 775 1134 842 norifice
1197 794 1589 860 suscepere,
1642 783 1715 841 et
1770 775 2156 860 magnificis
2208 776 2409 841 donis
2457 774 2764 840 honora-

849 897 1036 943 vere.
1141 876 1456 942 Maxime
1488 883 1721 941 autem
1750 878 1838 941 ab
1872 878 2289 960 imperatore
2312 876 2513 941 donis
2542 876 2763 940 variis

853 985 927 1043 et
991 978 1390 1044 muneribus
1440 979 1763 1062 pretiosis
1827 977 2211 1042 honoratus
2267 997 2446 1055 sum,
2492 984 2641 1042 tam
2684 977 2765 1040 in

853 1079 1044 1143 vasis
1089 1079 1316 1144 aureis
1350 1085 1421 1142 et
1451 1078 1825 1161 argenteis,
1858 1097 2070 1162 quam
2109 1079 2182 1142 in
2227 1078 2461 1161 palliis
2498 1085 2571 1142 et
2600 1097 2765 1142 ves-

855 1180 1044 1245 tibus
1078 1178 1284 1244 valde
1336 1178 1684 1263 pretiosis.
1790 1179 2101 1244 Locutus
2144 1199 2299 1244 sum
2342 1179 2562 1262 igitur
2603 1198 2766 1242 cum

855 1281 1010 1364 ipso
1065 1281 1484 1363 imperatore
1528 1287 1602 1344 et
1642 1279 1923 1345 domino
1971 1299 2181 1363 papa,
2215 1287 2287 1344 et
2333 1280 2769 1363 principibus

857 1381 978 1464 qui
1011 1379 1111 1444 ibi
1143 1388 1366 1458 erant,
1397 1381 1484 1445 de
1534 1380 2065 1446 necessitatibus
2098 1382 2319 1446 totius
2351 1381 2595 1463 populi
2626 1381 2766 1445 mei

859 1488 1006 1546 tam
1049 1479 1269 1564 Angli
1315 1500 1527 1564 quam
1572 1481 1784 1559 Dani,
1838 1489 1919 1546 ut
1962 1481 2064 1545 eis
2106 1481 2603 1546 concederetur
2642 1481 2765 1545 lex

862 1581 1126 1665 aequior
1174 1589 1245 1646 et
1287 1601 1431 1664 pax
1477 1582 1788 1647 securior
1828 1583 1903 1646 in
1930 1583 2048 1647 via
2091 1581 2395 1648 Romam
2436 1581 2767 1659 adeundi,

862 1689 933 1746 et
965 1702 1054 1746 ne
1087 1689 1194 1747 tot
1223 1683 1564 1748 clausuris
1608 1701 1735 1766 per
1760 1684 1947 1748 viam
1992 1691 2341 1761 arcentur,
2376 1689 2448 1746 et
2478 1689 2769 1766 propter

861 1782 1196 1867 injustum
1242 1783 1637 1848 theloneum
1683 1783 2109 1866 fatigentur:
2158 1783 2541 1867 annuitque
2595 1803 2765 1866 pos-

862 1884 1107 1948 tulatis
1141 1884 1543 1968 imperator,
1592 1891 1665 1949 et
1700 1878 1719 1916 ¹
1737 1883 2087 1949 Rodulfus
2128 1904 2256 1948 rex
2299 1883 2423 1968 qui
2460 1885 2771 1948 maxime

861 1984 1170 2067 ipsarum
1199 1986 1674 2050 clausurarum
1704 1986 2139 2065 dominatur3
2172 1986 2543 2069 cunctique
2571 1985 2771 2068 prin·-

863 2087 1053 2168 cipes
1109 2078 1132 2116 ²
1147 2084 1452 2150 edictum
1503 2085 1867 2151 firmarunt
1918 2093 1999 2150 ut
2052 2085 2367 2151 homines
2416 2087 2577 2164 mei,
2621 2093 2772 2151 tam

863 2191 1308 2264 mercatoreS,
1368 2205 1581 2270 quam
1647 2187 1767 2252 alii
1833 2185 2075 2252 orandi
2138 2188 2369 2270 gratia
2432 2187 2771 2265 viatoreS,

865 2287 1128 2369 absque
1178 2286 1366 2351 omni
1410 2288 1705 2370 angaria
1754 2287 2230 2352 clausurarum
2285 2295 2358 2352 et
2407 2286 2773 2353 theloneo-

831 2406 1044 2476 orum,
1091 2406 1248 2450 cum
1293 2387 1494 2452 firma
1551 2407 1724 2471 pace
1770 2388 2071 2453 Romam
2127 2395 2295 2453 eant
2334 2396 2407 2454 et
2451 2389 2769 2454 redeant.

867 2486 1306 2572 Conquestus
1349 2507 1504 2553 sum
1546 2488 1797 2555 iterum
1840 2508 2075 2554 coram
2118 2489 2396 2555 domino
2440 2507 2652 2573 papa,
2698 2497 2776 2555 et

865 2589 1036 2652 mihi
1082 2590 1288 2654 valde
1335 2589 1699 2673 displicere
1749 2591 1921 2669 dixi,
1970 2591 2157 2674 quod
2219 2592 2355 2655 mei
2420 2591 2769 2673 archiepi-

866 2689 1060 2771 scopi
1110 2689 1181 2752 in
1238 2697 1510 2755 tantum
1556 2691 2101 2773 angariabantur
2142 2690 2607 2755 immensitate
2649 2710 2777 2775 pe-

866 2788 1224 2853 cuniarum
1289 2810 1448 2874 quae
1507 2792 1597 2855 ab
1673 2792 1773 2855 eis
1846 2791 2353 2874 expetebantur
2412 2792 2575 2855 dum
2641 2812 2777 2876 pro

865 2882 1080 2975 pallio
1129 2891 1559 2974 accipiend0,
1589 2879 1967 2956 secundum
1997 2911 2285 2970 morem,
2312 2893 2777 2977 apostolicam

867 2990 1100 3055 sedem
1154 2997 1561 3075 expeterent
1585 3013 1618 3079 3-
1648 2992 2139 3076 decretumque
2178 2999 2285 3057 est
2328 3012 2416 3056 ne
2457 2993 2529 3057 id
2576 2992 2781 3059 dein-

866 3110 1030 3173 ceps
1063 3091 1211 3156 fiat.
1317 3090 1590 3156 Cuncta
1617 3093 1799 3157 enim
1832 3112 1991 3177 quae
2027 3112 2071 3156 a
2118 3093 2394 3159 domino
2439 3112 2650 3177 papa,
2698 3102 2779 3159 et

868 3190 956 3255 ab
1013 3190 1450 3273 imperatore,
1507 3200 1580 3257 et
1641 3213 1685 3257 a
1748 3213 1911 3276 rege
1971 3192 2308 3271 Rodulfo,
2362 3194 2781 3277 caeterisque

866 3290 1292 3373 principibus
1355 3312 1481 3375 per
1535 3314 1830 3377 quorum
1886 3301 2111 3358 terras
2171 3294 2370 3359 nobis
2432 3296 2779 3360 transitus

868 3396 978 3454 est
1017 3391 1101 3455 ad
1140 3390 1462 3472 Romam,
1499 3414 1627 3476 pro
1676 3413 1849 3458 meae
1894 3395 2122 3476 gentis
2173 3394 2477 3460 utilitate
2522 3404 2777 3479 postu-

867 3490 1124 3570 labam,
1183 3492 1476 3558 libenter
1527 3500 1964 3574 annuerunt3
2029 3502 2101 3559 et
2164 3515 2495 3560 concessa
2558 3496 2777 3561 etiam

868 3600 1302 3657 sacramento
1353 3593 1825 3673 firmaverunt,
1869 3595 1998 3659 sub
2042 3596 2436 3661 testimonio
2468 3604 2781 3681 quatuor

868 3692 1565 3776 archiepiscoporum,
1595 3702 1666 3759 et
1697 3690 1981 3779 “viginti
2016 3696 2523 3779 episcoporum,
2557 3706 2631 3764 et
2658 3698 2778 3762 in-

866 3812 1172 3857 numerae
1236 3794 1703 3859 multitudinis
1766 3797 2018 3860 ducum
2079 3803 2151 3860 et
2210 3796 2547 3862 nobilium
2611 3818 2777 3883 quae

939 3984 958 4017 ¹
983 3987 1227 4047 Rodult'us
1258 3983 1399 4057 rex.]
1435 3988 1652 4039 Rodolse
1686 3991 1796 4053 111,
1843 3990 1902 4041 of
1917 3990 2003 4040 the
2024 4006 2253 4053 emperor
2275 3993 2479 4043 Conrad
2514 3998 2570 4044 at
2591 3994 2782 4061 Romo,

867 4057 1034 4106 called
1078 4058 1152 4106 Le
1198 4058 1467 4123 Faineant,
1509 4062 1791 4110 succeeded
1843 4077 1909 4111 on
1930 4062 2239 4125 Easter-day
2264 4066 2409 4115 1027.

865 4126 947 4177 his
996 4126 1162 4177 father
1205 4129 1258 4176 in
1304 4128 1389 4179 the
1449 4130 1695 4194 kingdom
1744 4132 1801 4181 of
1913 4130 1935 4160 ⁹
1954 4133 2231 4197 Edictum]
2255 4134 2321 4184 Ε.
2342 4149 2357 4195 ;
2380 4135 2581 4199 edictis,
2596 4135 2651 4185 S.
2670 4137 2740 4188 C.
2762 4154 2786 4199 ε

864 4198 1016 4246 Arles
1052 4213 1111 4246 or
1155 4199 1461 4263 Burgundy,
1494 4200 1636 4253 A.D.
1676 4205 1792 4253 993.
1842 4203 2227 4265 edictisque,A.
2251 4204 2321 4256 D.
2345 4204 2409 4255 L.

864 4268 952 4316 He
997 4269 1043 4317 is
1086 4269 1200 4320 said
1238 4274 1292 4317 to
1332 4270 1460 4321 have
1504 4273 1635 4322 been
1679 4287 1793 4333 pre·
1910 4272 1931 4302 ³
1962 4273 2203 4339 Viginti.]
2242 4272 2310 4322 A.
2352 4276 2411 4326 S.
2452 4277 2523 4329 D.
2560 4277 2623 4326 E.
2664 4276 2739 4329 L.
2762 4294 2785 4339 ᾗ

864 4342 976 4386 sent
998 4337 1122 4386 with
1145 4338 1283 4387 Cnut
1305 4346 1360 4389 at
1381 4341 1465 4391 the
1500 4344 1789 4393 coronation
1840 4344 2020 4407 viginti
2042 4349 2281 4408 quatuor,
2305 4346 2365 4396 C'.
