3023 5045
296 527 434 581 Lm.
464 511 583 596 11.]
755 527 982 579 essu
1028 527 1286 579 uncum
1333 531 1763 584 ANcnmwM.
2064 517 2201 586 293

289 684 540 753 ti'entia
599 685 732 752 sibi
778 679 1272 754 substerneret.
1380 687 1701 772 Denique
1744 689 1963 755 fertur
2008 692 2195 775 quod

287 788 634 868 noctibus,
696 787 1050 854 custodias
1111 787 1525 852 famulorum
1574 789 1847 868 fallens,
1906 790 2193 856 incomi-

287 894 479 954 tatus
527 889 616 954 ad
669 889 1051 954 matutinas
1112 889 1605 953 monachorum
1660 892 1895 955 venire
1940 893 2191 958 solitus

285 988 518 1069 fuerit,
551 983 1068 1073 ¹genufiexibus
1100 1007 1320 1073 usque
1366 989 1456 1053 ad
1499 990 1723 1054 lucem
1761 990 2189 1059 incumbens.

287 1089 371 1153 Id
405 1091 794 1174 praesertim
819 1090 1003 1174 apud
1035 1090 1483 1154 Fiscannium
1509 1109 1866 1170 exercens,
1887 1094 2189 1177 quadam

284 1199 490 1256 nocte
545 1191 886 1255 maturius
959 1210 1035 1255 se
1096 1190 1393 1272 agebat3
1449 1209 1744 1275 cumque
1805 1193 2189 1261 invenisset

285 1289 541 1356 ostium
570 1292 992 1369 obseratum,
1020 1309 1317 1356 excusso
1345 1291 1718 1356 violentius
1740 1295 2043 1375 pessulo,
2070 1313 2187 1359 so-

283 1409 521 1474 porem
563 1392 874 1457 sacristae
931 1391 1266 1456 turbavit.
1370 1390 1527 1469 Ille,
1586 1392 1879 1458 miratus
1932 1392 2006 1458 in
2059 1393 2186 1460 tali

283 1493 510 1558 noctis
560 1493 844 1558 horrore
893 1491 1237 1575 pulsantis
1285 1491 1677 1575 strepitum,
1732 1495 2061 1572 surrexit,
2104 1505 2186 1564 ut

281 1593 550 1660 videret
575 1600 722 1658 tam
749 1593 1031 1658 audacis
1064 1591 1233 1656 facti
1259 1591 1610 1656 conscium
1636 1613 1654 1674 3
1700 1594 2185 1680 reperiensque

282 1699 364 1758 ut
415 1693 784 1759 videbatur
837 1692 1197 1770 rusticum,
1256 1692 1527 1776 plebeio
1577 1700 1839 1758 tectum
1898 1697 2183 1775 amictu,

281 1811 420 1858 non
463 1795 694 1878 potuit
720 1791 951 1858 animo
996 1813 1124 1858 suo
1167 1793 1506 1876 imperare
1538 1801 1619 1858 ut
1644 1793 1963 1860 manibus
2006 1803 2181 1861 tem·-

283 1902 583 1978 peraret‚
627 1894 776 1974 sed,
815 1893 1202 1960 vehementi
1251 1893 1414 1959 felle
1464 1901 1872 1974 commotus,
1920 1895 2177 1961 crinem

277 1995 569 2074 invadit,
602 1995 860 2059 multos
903 1994 1158 2059 illustri
1183 1993 1332 2060 viro
1375 1995 1707 2079 colaphos
1748 1996 2132 2079 infringens
2160 2018 2176 2064 ε

279 2095 486 2162 durat
526 2093 646 2161 ille
691 2094 1078 2161 incredibili
1132 2094 1495 2178 patientia,
1545 2115 1673 2160 nec
1722 2098 1974 2161 mutire
2026 2098 2183 2181 dig-

279 2204 511 2262 natus·
637 2196 932 2262 Postero
989 2195 1101 2260 die
1157 2194 1230 2259 in
1280 2195 1587 2279 capitulo
1646 2198 1999 2280 querelam
2060 2199 2180 2264 de-

278 2300 521 2382 ponit3
569 2298 812 2382 iraque
842 2297 1191 2374 simulata,
1221 2297 1635 2361 monachum
1662 2298 1751 2361 ad
1782 2299 2011 2362 vicum
2042 2296 2181 2362 Ar-

275 2396 570 2481 gentias'
599 2397 732 2463 sibi
761 2398 1109 2482 'praecepit
1150 2415 1533 2475 occurrere,
1577 2397 1909 2462 minitans
1955 2418 2031 2463 se
2070 2400 2179 2463 ul-

275 2505 506 2565 turum
556 2500 631 2565 in
674 2499 824 2585 ejus
880 2497 1292 2583 pervicacia,
1339 2497 1525 2582 quod
1576 2504 1728 2565 tota
1783 2499 2183 2583 loqueretur

279 2599 540 2665 Gallia.
627 2601 762 2665 Die
793 2601 983 2667 dicta
1015 2599 1355 2664 monacho
1377 2605 1679 2678 astante,
1710 2606 1782 2665 et
1810 2620 1955 2684 prae
1986 2600 2173 2667 m'etu

271 2720 452 2786 pene
481 2700 906 2779 exanimato,
951 2720 1097 2765 rem
1139 2700 1539 2784 proceribus
1580 2702 1893 2785 exponit,
1924 2702 2179 2766 atroci-

275 2810 492 2869 tatem
523 2802 692 2867 facti
729 2822 856 2886 per
884 2800 1492 2885 amplificationem
1535 2821 2009 2885 exaggerans3
2058 2823 2178 2867 co-

271 2911 554 2969 nantem
616 2921 809 2968 reum
865 2901 1282 2986 respondere
1343 2900 1615 2965 callidis
1671 2901 2177 2987 objectionibus

271 3003 677 3089 aliquandiu
735 3002 1122 3088 suspendit.
1223 3001 1613 3079 Postremo,
1674 3009 1756 3067 ut
1805 3001 2175 3086 jocundior

269 3113 457 3170 esset
499 3104 963 3169 miserationis
1006 3102 1320 3181 materia,
1364 3103 1453 3167 ab
1499 3103 1949 3186 optimatibus
1983 3104 2175 3187 judi-

271 3213 506 3271 catum
539 3205 914 3270 clementer
941 3202 1264 3281 absolvit,
1297 3210 1659 3286 totumque
1688 3204 1919 3268 vicum
1950 3204 2173 3283 illum,

271 3307 391 3391 qui
421 3306 666 3390 optimi
695 3304 838 3370 vini
881 3304 1080 3368 ferax
1126 3322 1276 3368 esse
1320 3302 1597 3381 dicitur,
1632 3322 1788 3367 cum
1834 3304 2171 3388 appendi-

272 3400 388 3471 tiis
419 3406 590 3485 suiS,
621 3404 846 3470 officio
867 3398 1055 3490 ²ejus
1089 3403 1396 3483 addixit3
1434 3404 1901 3487 pronuncians
1928 3424 2171 3470 mona·

270 3507 476 3571 chum
527 3526 680 3571 esse
709 3507 1070 3590 optimum,
1108 3504 1253 3588 qui,
1280 3505 1455 3569 bene
1485 3505 1883 3569 custodiens
1919 3524 2171 3569 munus

267 3606 682 3693 injunctum,
717 3600 880 3671 ³nec
919 3605 1227 3689 percitus
1269 3605 1376 3669 ira
1417 3605 1766 3670 laxaverit
1794 3605 2167 3671 silentium.

269 3701 486 3773 *Post
514 3708 764 3791 viginti
793 3713 952 3772 octo
983 3724 1203 3770 annos
1235 3704 1530 3770 ducatus
1560 3705 1801 3769 mortis
1830 3703 2017 3770 viam
2060 3706 2169 3771 in-

337 3900 358 3971 i
383 3890 786 4007 Genuflegibus]
813 3942 873 3991 C.
898 3940 970 3991 D.
992 3941 1061 3991 E.
1085 3938 1196 4002 M.;
1248 3938 1481 4000 example
1520 3936 1580 3985 of
1609 3938 1696 3986 the
1733 3952 1967 3987 manners
1999 3937 2059 3986 of
2085 3938 2172 3988 the

267 4013 724 4079 genuflexionibus,
744 4012 812 4063 Δ.
837 4012 896 4061 S.
919 4011 982 4060 L.
1247 4024 1362 4073 age.
1401 4007 1568 4075 (Prol.
1591 4008 1717 4057 Rec.
1740 4007 1832 4057 des
1855 4008 1997 4059 Hist.
2019 4008 2085 4059 de
2117 4009 2173 4059 la

333 4082 356 4117 ²
377 4084 551 4147 Eius]
575 4083 644 4133 Δ.
663 4084 724 4132 G.
749 4083 822 4133 D.
840 4083 907 4133 Ε.
925 4082 989 4132 L.
1010 4095 1026 4143 ς
1059 4082 1195 4144 ejus·
1247 4081 1460 4139 France‚
1480 4083 1602 4128 tom.
1624 4074 1705 4141 x.)
2152 4090 2157 4095 ·

269 4156 385 4209 dem
407 4155 659 4214 sacristae,
681 4152 740 4203 S.
1316 4147 1337 4181 ⁴
1374 4150 1501 4199 Post
1529 4147 1715 4210 viginti
1748 4152 1853 4197 octo
1894 4164 2047 4198 annos
2079 4151 2173 4199 du-

334 4224 358 4259 3
381 4226 488 4276 Nec
504 4217 772 4291 percitam]
805 4220 930 4271 This
952 4219 1196 4271 anecdote
1245 4224 1400 4271 catus.
1422 4214 1449 4289 ]
1516 4219 1743 4268 Richard
1786 4219 1864 4271 ΙΙ.
1908 4218 2028 4269 held
2084 4220 2170 4270 the

265 4296 322 4347 os
345 4296 570 4347 Richard
597 4295 676 4357 II,
699 4292 839 4343 duke
869 4291 928 4341 of
944 4292 1196 4342 Norman-
1246 4290 1419 4354 duchy
1440 4288 1500 4339 of
1516 4289 1812 4353 Normandy
1828 4290 1984 4355 thirty
2002 4304 2171 4354 years.

267 4368 356 4435 dy,
377 4368 472 4420 has
495 4368 627 4419 been
649 4364 787 4416 cited
811 4377 870 4415 as
897 4378 932 4413 a
967 4363 1197 4427 singular
1245 4362 1341 4413 See
1364 4365 1480 4413 note
1501 4356 1543 4426 ³,
1564 4376 1617 4427 p.
1642 4364 1757 4413 292.
