3023 5045
819 495 954 564 306
1267 514 1494 564 ons-m
1542 514 1796 564 nucum
1844 514 2274 566 Ano-Louna.
2446 500 2621 583 [us.
2655 514 2733 560 11.

828 675 1038 740 minae
1068 669 1415 738 deferrent
1441 672 1873 758 obsequium,
1900 675 2127 738 minus
2161 674 2524 739 Danorum
2577 691 2735 736 sus-

832 775 1144 860 pirarent
1200 773 1612 858 imperium3
1676 776 1883 840 simul
1934 796 2019 840 eo
2064 775 2250 840 facto
2298 774 2586 840 Ricardi
2630 773 2734 836 al-

833 876 1076 944 liciens
1105 876 1426 958 gratiam,
1453 882 1535 940 ut
1561 895 1809 959 parum
1838 877 1925 942 de
1950 878 2321 961 nepotibus
2371 874 2739 958 cogitaret,

839 977 960 1061 qui
999 977 1175 1040 alios
1223 995 1316 1040 ex
1362 975 1687 1042 Cnutone
1734 997 1811 1042 se
1868 985 2351 1061 suscepturum
2399 982 2739 1060 speraret.

844 1078 1280 1143 Monasteria
1295 1077 1764 1161 perAngliam
1792 1079 1936 1144 suis
1966 1087 2037 1144 et
2063 1081 2283 1163 patris
2310 1075 2745 1144 excursioni-

842 1180 974 1244 bus
1003 1178 1258 1262 partim
1289 1178 1580 1256 foedata,
1608 1179 1862 1264 partim
1893 1187 2116 1259 eruta,
2146 1179 2539 1264 reparavit3
2586 1178 2749 1242 loca

523 1307 634 1347 nn.
657 1307 770 1347 1020.
847 1278 1080 1346 omnia
1105 1279 1180 1343 in
1203 1280 1457 1363 quibus
1483 1289 1946 1364 pugnaverat,
1978 1289 2051 1346 et
2081 1275 2455 1364 ¹praecipue
2478 1278 2751 1344 Assan-

848 1381 1131 1457 dunam‚
1185 1380 1492 1448 ecclesiis
1545 1381 1957 1464 insignivit3
2000 1382 2377 1460 ‚ministros
2419 1379 2754 1456 instituit,

850 1483 972 1565 qui
1013 1501 1139 1564 per
1185 1481 1516 1546 succidua
1560 1483 1949 1550 seculorum
1978 1484 2334 1548 volumina
2382 1483 2541 1548 Deo
2584 1500 2753 1563 sup·

849 1582 1190 1666 plicarent
1217 1602 1344 1666 pro
1373 1581 1735 1649 animabus
1776 1583 1873 1649 ibi
1917 1584 2325 1650 occisorum.
2428 1581 2542 1647 Ad
2588 1601 2759 1646 con-

851 1673 1308 1748 secrationem
1338 1683 1528 1748 illius
1570 1683 1877 1750 basilicae
1925 1693 1996 1750 et
2028 1686 2177 1770 ipse
2222 1683 2441 1760 affuit,
2470 1692 2546 1749 et
2570 1682 2758 1766 opti-

849 1790 1074 1848 mates
1127 1783 1519 1866 Anglorum
1573 1793 1646 1850 et
1705 1787 2067 1852 Danorum
2122 1785 2414 1851 donaria
2464 1803 2763 1869 porrex-

853 1892 1104 1950 erunt:
1183 1905 1391 1963 nunc,
1451 1892 1535 1950 ut
1589 1880 1614 1918 ²
1633 1887 1877 1966 fertur,
1942 1888 2214 1952 modica
2276 1894 2380 1952 est
2462 1886 2765 1950 ecclesia

853 1986 1258 2068 presbytero
1299 1986 1723 2068 parochiano
1767 1987 2112 2070 delegata.
2216 1981 2241 2020 ³
2253 1987 2481 2071 Supra
2505 2006 2766 2070 corpus

855 2084 1239 2152 beatissimi
1283 2086 1656 2167 Edmundi,
1686 2109 1889 2173 quem
1938 2088 2363 2173 antiquiores
2408 2086 2603 2154 Dani
2650 2089 2761 2152 in-

857 2186 1298 2263 terfecerant,
1368 2189 1731 2254 basilicam
1813 2191 2256 2255 animositate
2318 2190 2517 2272 regia
2596 2207 2771 2253 con-

859 2287 1148 2366 struxit,
1201 2288 1524 2353 abbatem
1580 2298 1653 2355 et
1691 2290 2068 2356 monachos
2119 2290 2447 2368 instituit,
2498 2289 2773 2373 praedia

861 2387 1086 2452 multa
1137 2396 1209 2453 et
1251 2408 1508 2472 magna
1553 2392 1888 2457 contulit:
1935 2398 2229 2474 praestat
2270 2391 2619 2474 hodieque
2648 2389 2773 2454 do-

861 2510 1110 2555 norum
1161 2489 1314 2577 ejus
1361 2492 1748 2577 amplitudo
1801 2493 2101 2576 integra,
2155 2479 2342 2577 quod
2396 2491 2597 2557 locus
2648 2491 2773 2557 ille

861 2591 1048 2656 infra
1099 2610 1176 2655 se
1224 2592 1523 2677 aspiciat
1576 2594 1809 2659 omnia
1851 2614 2032 2677 pene
2085 2593 2366 2677 Angliae
2418 2593 2772 2657 coenobia.

862 2684 1167 2774 ⁴Gorpus
1188 2694 1378 2758 beati
1411 2694 1665 2777 Elsegi,
1695 2695 1882 2779 apud
1912 2702 2229 2760 sanctum
2251 2693 2553 2759 Paulum
2580 2692 2773 2758 Lon·-

867 2792 1094 2857 doniae
1157 2794 1605 2873 tumulatum,
1670 2795 1823 2879 ipse
1873 2797 2021 2863 suis
2072 2796 2395 2861 manibus
2441 2793 2608 2858 inde
2673 2794 2778 2858 le-

868 2894 1089 2971 vavit,
1133 2900 1206 2958 et
1252 2895 1342 2959 ad
1394 2896 1680 2980 propria
1729 2898 2119 2975 remissum,
2171 2895 2403 2979 dignis
2452 2901 2779 2960 assenta-

869 2994 1174 3059 tionibus
1218 3003 1594 3061 veneratus
1648 3004 1779 3063 est.
1882 2992 1906 3029 ⁵
1922 2997 2039 3063 Ita
2104 2997 2359 3073 omnia,
2406 3016 2567 3080 quae
2621 2995 2781 3080 ipse

871 3101 945 3159 et
996 3102 1472 3162 antecessores
1526 3096 1639 3162 sui
1684 3098 2145 3181 deliquerant,
2192 3097 2541 3179 corrigere
2586 3104 2783 3161 sata-

873 3214 1070 3277 genS,
1122 3198 1374 3280 prioris
1420 3196 1787 3283 injustitiae
1822 3218 2100 3265 naevum
2147 3198 2333 3282 apud
2364 3198 2599 3263 Deum
2638 3197 2785 3262 for-

946 3479 965 3513 ¹
989 3482 1248 3546 Praecipue
1282 3479 1673 3552 Amadum]
1710 3484 1805 3535 See
1851 3484 1939 3533 the
1975 3484 2269 3546 depositary
2296 3482 2356 3533 of
2370 3482 2454 3533 the
2485 3484 2709 3535 remains
2730 3485 2795 3535 of

877 3554 1000 3605 Sax.
1026 3553 1212 3603 Chron.
1236 3553 1377 3604 A.D.
1406 3556 1554 3605 102⁰.
1854 3554 1996 3618 King
2017 3553 2307 3616 Eadmund,
2327 3554 2415 3603 the
2436 3568 2587 3603 name
2619 3555 2680 3605 of
2694 3556 2787 3606 the

948 3622 970 3652 ²
992 3624 1222 3689 Festum]
1273 3623 1331 3675 S.
1370 3622 1442 3675 D.
1483 3625 1546 3674 E.
1558 3638 1575 3686 3
1619 3623 1806 3688 ferunt,
1851 3626 1999 3687 place
2012 3640 2123 3675 was
2144 3625 2376 3688 changed
2391 3628 2445 3673 to
2458 3624 2791 3676 Eadmunds-

879 3693 948 3745 Δ.
977 3696 1038 3745 C.
1061 3695 1123 3744 L.
1854 3694 2001 3745 burh.
2072 3696 2136 3745 In
2171 3696 2259 3745 the
2298 3709 2424 3757 year
2458 3698 2610 3757 1020,
2646 3697 2791 3747 Cnut

952 3763 973 3793 ³
995 3765 1161 3830 Supra
1189 3778 1362 3827 corpus
1395 3762 1665 3813 beatissimi
1701 3765 1808 3814 Ed·
1852 3767 2041 3815 rebuilt
2081 3766 2167 3814 the
2209 3770 2517 3828 monastery,
2548 3767 2653 3815 and
2696 3783 2792 3817 ex-

879 3835 1050 3885 mundi
1082 3871 1096 3887 .
1124 3870 1138 3886 .
1165 3870 1178 3885 .
1219 3834 1468 3884 basilicam
1499 3834 1808 3885 animositate
1853 3837 2024 3899 pelled
2045 3836 2129 3887 the
2152 3836 2354 3887 secular
2373 3836 2563 3898 clerks,
2576 3838 2789 3901 placing

878 3907 1022 3969 regia
1036 3905 1359 3969 construxit]
1380 3904 1506 3954 This
1520 3910 1809 3969 monastery
1854 3907 2049 3957 therein
2072 3922 2105 3957 a
2126 3910 2339 3956 convent
2360 3906 2419 3955 of
2450 3906 2791 3958 Benedictine

880 3992 992 4027 was
1012 3981 1101 4027 not
1117 3976 1346 4026 founded
1377 3976 1446 4037 by
1471 3976 1641 4026 Cnut.
1628 3993 1640 4005 ·
1676 3977 1809 4040 Sigi-
1856 3977 2037 4028 monks
2057 3976 2186 4027 from
2208 3978 2372 4027 Hulm
2393 3978 2447 4025 in
2471 3976 2710 4028 Norfolk.

879 4048 1028 4097 berht
1047 4047 1176 4110 king
1207 4046 1265 4096 of
1296 4046 1450 4095 East-
1453 4045 1662 4109 Anglia,
1685 4046 1810 4097 hav·
1938 4046 1962 4079 ⁴
2008 4050 2194 4111 Corpus
2247 4048 2403 4098 beati·
2422 4046 2615 4110 Elfegss
2657 4051 2794 4113 apud

881 4118 969 4181 ing
989 4118 1258 4168 abdicated
1272 4117 1354 4166 his
1371 4116 1565 4179 throne,
1575 4117 1709 4167 bmlt
1720 4118 1807 4167 the
1858 4123 2077 4168 sanctum
2099 4119 2315 4168 Paulum
2336 4118 2603 4167 Londmiae
2624 4123 2795 4169 nma-

882 4188 1187 4250 monastery,
1219 4193 1274 4237 at
1317 4188 1428 4237 that
1473 4188 1595 4235 time
1640 4188 1835 4238 called
1832 4190 2050 4265 latum.
2119 4190 2219 4239 .αά
2246 4188 2451 4253 propria
2484 4188 2791 4254 remissum]

867 4258 1409 4325 ‘Beadaricheswortm
1426 4258 1529 4307 and
1551 4258 1757 4308 became
1774 4274 1807 4307 a
1832 4231 1953 4332 See
1976 4257 2133 4309 note⁴
2136 4294 2152 4322 ,
2174 4275 2226 4321 p.
2250 4264 2367 4310 265.

881 4329 1036 4376 monk
1075 4328 1233 4378 there.
1305 4328 1389 4377 On
1434 4328 1502 4378 its
1541 4306 1836 4393 becoming
1928 4328 1949 4360 ⁵
1974 4330 2100 4395 Ita.]
2134 4329 2202 4381 A.
2228 4330 2285 4382 S.
2311 4331 2383 4383 D.
2406 4331 2474 4381 Ε.
2498 4330 2583 4392 L.;
2622 4330 2775 4393 in,C'
