3023 5045
254 462 523 546 mmm]
663 477 895 530 csss‘rA
948 478 1207 531 uncum
1251 478 1678 533 Aucmuuu.
2001 468 2142 534 209

250 638 623 705 Scottorum
652 640 1186 719 Constantium,
1228 641 1509 723 perfidae
1557 641 2024 706 animositatis
2061 651 2134 707 et

248 740 488 806 vivacis
546 748 849 805 senectae
895 742 1141 822 homo;
1218 742 1477 824 aliique
1536 760 1739 825 reges
1799 742 2128 825 quinque,

250 833 549 906 ¹comites
590 841 979 919 duodecim,
1018 841 1379 924 omnisque
1428 835 1640 924 'pene
1673 843 2126 907 barbarorum

246 944 623 1023 congeries:
674 944 881 1025 pauci
934 942 1055 1025 qui
1104 948 1495 1019 evaserant,
1543 962 1670 1024 pro
1697 941 1835 1006 fide
1865 941 2126 1008 Christi

245 1042 665 1125 suscipienda
694 1042 1114 1107 conservati.

332 1142 367 1226 §
397 1143 543 1208 132.
592 1137 731 1207 ³De
764 1142 897 1207 hoc
924 1162 1089 1224 rege
1120 1162 1259 1206 non
1291 1142 1602 1207 invalida
1635 1144 1822 1226 apud
1851 1142 2132 1227 Anglos

242 1241 413 1306 fama
436 1244 717 1321 seritur,
768 1243 957 1327 quod
1008 1262 1213 1307 nemo
1243 1236 1578 1324 *legalius
1614 1242 1728 1306 vel
1780 1244 2124 1309 literatius

240 1345 716 1426 rempublicam
748 1342 1359 1408 administraverit.
1440 1342 1858 1425 Quanquam
1887 1344 2128 1409 literas

238 1442 415 1507 illum
432 1446 675 1523 scisse,
696 1445 904 1527 pauci
936 1443 1309 1508 admodum
1331 1437 1518 1507 ‘dies
1550 1444 1736 1525 quod
1770 1444 2124 1509 didicerim

236 1542 299 1605 in
330 1546 627 1627 quodam
659 1563 829 1609 sane
859 1544 1213 1611 volumine
1232 1550 1538 1621 vetusto,
1561 1544 1632 1606 in
1663 1564 1803 1627 quo
1830 1546 2128 1627 scriptor

236 1661 379 1707 cum
433 1644 845 1710 difficultate
919 1644 1229 1708 materiae
1304 1644 1727 1721 luctabatur,
1781 1645 2124 1728 judicium

237 1745 430 1809 animi
460 1746 573 1809 sui
604 1765 745 1810 non
788 1746 1033 1809 valeus
1076 1764 1205 1826 pro
1250 1752 1417 1807 voto
1461 1744 1792 1826 proferre.
1899 1744 2122 1828 Cujus

234 1842 335 1907 hic
388 1847 601 1909 verba
648 1865 777 1928 pro
828 1844 1239 1929 compendio
1288 1843 1724 1927 subjicerem,
1776 1843 1908 1910 nisi
1959 1846 2126 1927 quia

234 1944 407 2009 ultra
454 1947 851 2028 opinionem
916 1945 991 2009 in
1042 1943 1366 2009 laudibus
1420 1944 1752 2027 principis
1799 1952 2123 2027 vagatur,

234 2064 307 2107 eo
344 2046 616 2111 dicendi
672 2064 927 2128 genere
970 2045 1159 2131 quod
1203 2043 1564 2108 suffultum
1607 2064 1735 2107 rex
1780 2044 2124 2108 facundiae

234 2144 563 2211 Romanae
620 2146 897 2210 Tullius
949 2146 1023 2209 in
1078 2134 1441 2209 rhetoricis
1490 2144 1823 2226 appellat.
1957 2145 2124 2209 Elo-

232 2248 457 2328 quium
506 2253 803 2311 excusat
850 2245 1277 2310 consuetudo
1324 2244 1516 2307 illius
1560 2245 1917 2327 temporiS,
1970 2245 2128 2309 lau-

230 2346 381 2410 dum
435 2347 864 2412 nimietatem
926 2346 1223 2409 adornat
1278 2336 1516 2409 ‘favor
1557 2344 1948 2408 Ethelstani
1999 2345 2128 2409 ad-

229 2445 351 2511 huc
386 2448 711 2513 viventis.
817 2438 1096 2511 ⁷Pauca
1126 2445 1343 2528 igitur
1372 2444 1700 2508 familiari
1747 2446 1933 2529 stylo
1961 2447 2128 2509 sub-

228 2557 514 2628 nectam,
560 2568 721 2633 quae
750 2546 1123 2622 videantur
1168 2545 1450 2628 aliquod
1495 2545 1806 2610 conferre
1859 2547 2130 2611 emolu-

226 2658 525 2715 mentum
556 2649 647 2712 ad
682 2648 1047 2730 dignitatis
1078 2646 1231 2730 ejus
1258 2645 1768 2710 documentum.

320 2751 355 2835 §
386 2750 541 2815 133.
590 2749 755 2814 Rex
790 2747 1199 2824 EdwarduS,
1235 2753 1395 2829 post
1422 2745 1648 2810 multa
1693 2739 1798 2810 ⁸et
1835 2747 1909 2809 in
1942 2744 2124 2810 bello

228 3033 391 3094 nuine,
410 3031 568 3092 being
590 3043 625 3078 a
646 3026 973 3090 compilation
995 3023 1059 3075 of
1078 3040 1144 3074 no
1256 3021 1274 3056 ¹
1304 3024 1524 3074 Comites
1554 3022 1852 3086 duodecim]
1887 3022 1998 3072 The
2034 3037 2126 3072 an-

225 3104 401 3151 earlier
444 3101 564 3150 date
610 3099 737 3147 than
780 3096 1007 3145 Edward
1065 3096 1146 3157 ΙΙ,
1194 3095 1309 3144 nale
1330 3095 1551 3144 mention
1571 3094 1693 3155 only
1713 3095 1809 3142 five
1830 3093 1984 3143 earls.

224 3172 355 3222 there
390 3173 439 3220 is
472 3185 507 3220 a
528 3169 836 3231 singulm-ity-
858 3167 912 3214 in
934 3179 1072 3214 some
1093 3165 1152 3216 of
1266 3162 1289 3192 ²
1308 3165 1491 3229 Pena]
1527 3164 1586 3214 S.
1607 3165 1669 3214 C.
1686 3164 1756 3214 D.
1787 3164 1879 3224 E.;
1911 3163 2122 3214 omitted

223 3241 300 3291 the
335 3241 635 3292 statements
668 3238 767 3288 and
802 3237 1147 3298 expressions,
1194 3237 1249 3286 in
1278 3234 1347 3285 A.
1371 3235 1436 3286 L.

223 3313 415 3362 carried
451 3325 581 3360 even
619 3313 671 3357 to
706 3309 793 3357 the
831 3307 1072 3368 adoption
1094 3305 1154 3355 of
1267 3303 1289 3334 ⁸
1309 3306 1389 3355 De
1411 3306 1499 3355 hoc
1518 3305 1679 3368 rega]
1703 3306 1791 3355 i.e.
1808 3303 2124 3355 Ethelstano.

224 3383 454 3432 manifest
491 3392 675 3440 eri-ors,
718 3376 889 3426 which
934 3378 981 3426 is
1022 3391 1148 3438 very
1268 3390 1289 3420 4
1310 3385 1596 3460 Legna-33⁸]
1655 3389 1726 3442 Δ·
1759 3390 1822 3441 S·
1842 3390 1914 3442 D·
1938 3388 2004 3440 E·-
2030 3390 2126 3451 L.;

222 3453 554 3504 remarkable.
650 3450 715 3498 In
747 3449 835 3497 the
879 3462 1027 3508 poem
1072 3447 1151 3495 in·
1197 3463 1441 3525 validius,
1467 3463 1528 3511 Ο.

220 3525 381 3607 δῗῄθᾶ
416 3524 471 3570 ¹¹²
492 3521 581 3570 ‘¹¹⁶
602 3518 965 3581 Ang¹⁰³²¹⁰¹¹
989 3517 1151 3600 ΨΟ·
1272 3547 1294 3576 ⁸
1311 3549 1481 3613 Diem]
1517 3549 1583 3598 E.
1605 3564 1620 3610 ;
1656 3547 1769 3596 dies
1799 3552 1938 3610 sunt,
1971 3546 2039 3597 A.
2066 3547 2126 3598 S.

221 3597 365 3656 mele,
386 3590 664 3653 composed
686 3603 749 3638 as
769 3602 804 3637 a
819 3587 1077 3638 memorial
1096 3587 1157 3636 of
1203 3621 1245 3668 C
1288 3620 1341 3669 D
1384 3619 1429 3668 L

220 3667 315 3716 this
348 3664 533 3723 battle,
565 3661 652 3710 the
686 3675 778 3709 son
812 3657 871 3706 of
900 3657 1150 3708 Constan-
1249 3657 1290 3716 ἀ
1311 3655 1520 3752 Εἶπέν]
1545 3689 1589 3739 S
1624 3689 1666 3737 C.
1700 3688 1754 3737 D
1784 3688 1829 3737 L
1864 3703 1878 3717 ‚
1915 3687 2126 3736 omitted

218 3735 383 3786 tineis
406 3731 606 3783 related
640 3734 693 3778 to
728 3729 860 3777 have
894 3729 1023 3777 been
1057 3727 1151 3776 left
1197 3760 1251 3809 in
1274 3761 1375 3821 E.;
1408 3722 1683 3822 phuni-⁰
1758 3724 1771 3738 ⁸
1833 3724 1846 3738 ⁹
1863 3723 1878 3748 ’

219 3808 232 3833 ‘
249 3823 309 3856 on
326 3805 416 3855 the
439 3802 561 3853 field
582 3801 641 3850 of
657 3798 920 3861 slaughter
934 3797 1149 3847 covered
1268 3843 1290 3880 ⁷
1325 3847 1497 3896 Pauca
1532 3846 1696 3908 igitur
1713 3843 1964 3903 samma„-
2000 3845 2126 3908 ,tylo

218 3878 337 3926 with
376 3871 599 3923 wounds
618 3871 652 3930 ;’
699 3871 793 3918 but
835 3869 876 3916 it
918 3867 964 3916 is
1008 3868 1149 3917 there

216 3945 479 4003 recorded,
515 3957 575 3991 as
614 3941 723 3989 also
747 3940 799 3987 in
823 3939 1065 3987 Florence
1097 3937 1157 3988 of
1196 3916 1518 3978 'Quadam-J
1568 3915 1917 3975 Mfi-lmeSbul'Y
1961 3927 2124 3963 Seemfl

218 4017 525 4073 worcester,
578 4010 691 4059 that
744 4009 864 4058 both
902 4009 1152 4057 Comma,
1197 3993 1250 4036 to
1288 3987 1417 4036 have
1452 3985 1662 4035 derived
1693 3965 1798 4033 thss
1831 3989 2048 4034 account
2072 3985 2132 4034 of

218 4090 315 4136 tine
356 4085 465 4136 and
504 4080 640 4132 olaf
670 4078 892 4140 escaped
928 4082 981 4126 to
1018 4074 1151 4126 their
1198 4054 1501 4107 Aethelflfflu
1521 4056 1647 4106 f1’0m
1679 4069 1816 4104 some
1839 4069 2017 4104 murce
2040 4060 2128 4104 not

220 4159 375 4220 ships.
434 4154 547 4202 The
565 4150 836 4200 Chronicle
850 4148 910 4198 of
926 4148 1149 4197 Melrose
1198 4134 1252 4177 at
1274 4132 1474 4190 ΡῙἙΒΘΜ
1496 4127 1703 4175 known·

219 4233 371 4278 states
392 4225 511 4274 that
532 4220 859 4271 Constantine
873 4217 993 4267 died
1008 4218 1150 4269 A.D.
1273 4210 1293 4239 ⁸
1314 4214 1387 4260 Et
1421 4211 1475 4259 in
1513 4211 1676 4275 heum]
1729 4211 1788 4261 S.
1829 4213 1889 4262 G.
1930 4212 1998 4262 D.
2029 4213 2119 4274 Ε.·,

218 4303 328 4348 943.
1200 4282 1409 4332 omitted
1431 4283 1485 4330 in
1501 4281 1568 4331 A.
1593 4283 1659 4331 L.

1789 4375 1826 4420 Ρ
