<?xml version="1.0" encoding="UTF-8"?>
<!DOCTYPE html PUBLIC "-//W3C//DTD XHTML 1.0 Transitional//EN"
    "http://www.w3.org/TR/xhtml1/DTD/xhtml1-transitional.dtd">
<html xmlns="http://www.w3.org/1999/xhtml" xml:lang="en" lang="en">
 <head>
  <title>
</title>
<meta http-equiv="Content-Type" content="text/html;charset=utf-8" />
  <meta name='ocr-system' content='tesseract 3.04.00' />
  <meta name='ocr-capabilities' content='ocr_page ocr_carea ocr_par ocr_line ocrx_word'/>
</head>
<body>
  <div class='ocr_page' id='page_1' title='image "./willelmimalmesb00unkngoog_0125.png"; bbox 0 0 3023 5045; ppageno 0'>
   <div class='ocr_carea' id='block_1_1' title="bbox 845 475 2752 557">
    <p class='ocr_par' dir='ltr' id='par_1_1' title="bbox 845 475 2752 557">
     <span class='ocr_line' id='line_1_1' title="bbox 845 475 2752 557; baseline -0.006 -7"><span class='ocrx_word' id='word_1_1' title='bbox 845 483 933 550; x_wconf 82' lang='lat'><strong>88</strong></span> <span class='ocrx_word' id='word_1_2' title='bbox 1285 499 1513 548; x_wconf 71' lang='lat' dir='ltr'>‹313st</span> <span class='ocrx_word' id='word_1_3' title='bbox 1567 495 1820 545; x_wconf 68' lang='lat' dir='ltr'><strong>ancum</strong></span> <span class='ocrx_word' id='word_1_4' title='bbox 1876 493 2299 542; x_wconf 56' lang='lat' dir='ltr'><strong>axamitum.</strong></span> <span class='ocrx_word' id='word_1_5' title='bbox 2496 475 2669 557; x_wconf 76' lang='lat' dir='ltr'><strong>[mn.</strong></span> <span class='ocrx_word' id='word_1_6' title='bbox 2702 490 2752 538; x_wconf 85' lang='lat'><strong>1.</strong></span> 
     </span>
    </p>
   </div>
   <div class='ocr_carea' id='block_1_2' title="bbox 529 649 2786 3644">
    <p class='ocr_par' dir='ltr' id='par_1_2' title="bbox 529 649 2762 1142">
     <span class='ocr_line' id='line_1_2' title="bbox 529 649 2756 741; baseline -0.002 -25"><span class='ocrx_word' id='word_1_7' title='bbox 529 676 720 716; x_wconf 52' lang='lat' dir='ltr'><strong>imunt</strong></span> <span class='ocrx_word' id='word_1_8' title='bbox 737 677 790 718; x_wconf 72' lang='grc' dir='ltr'><strong>οι</strong></span> <span class='ocrx_word' id='word_1_9' title='bbox 953 653 989 738; x_wconf 84' lang='lat'>§</span> <span class='ocrx_word' id='word_1_10' title='bbox 1017 654 1127 720; x_wconf 82' lang='lat'><strong>59.</strong></span> <span class='ocrx_word' id='word_1_11' title='bbox 1179 655 1296 720; x_wconf 89' lang='lat' dir='ltr'><strong>Ita</strong></span> <span class='ocrx_word' id='word_1_12' title='bbox 1338 649 1359 687; x_wconf 88' lang='lat'><strong>¹</strong></span> <span class='ocrx_word' id='word_1_13' title='bbox 1364 657 1515 741; x_wconf 90' lang='lat' dir='ltr'><strong>jam</strong></span> <span class='ocrx_word' id='word_1_14' title='bbox 1560 656 1849 721; x_wconf 88' lang='lat' dir='ltr'><strong>celebris</strong></span> <span class='ocrx_word' id='word_1_15' title='bbox 1877 661 2031 720; x_wconf 87' lang='lat' dir='ltr'><strong>erat</strong></span> <span class='ocrx_word' id='word_1_16' title='bbox 2058 654 2267 731; x_wconf 85' lang='lat' dir='ltr'><strong>fama,</strong></span> <span class='ocrx_word' id='word_1_17' title='bbox 2312 651 2495 716; x_wconf 89' lang='lat' dir='ltr'><strong>utin</strong></span> <span class='ocrx_word' id='word_1_18' title='bbox 2522 669 2756 734; x_wconf 82' lang='lat' dir='ltr'><strong>quaes-</strong></span> 
     </span>
     <span class='ocr_line' id='line_1_3' title="bbox 530 726 2755 839; baseline -0.002 -22"><span class='ocrx_word' id='word_1_19' title='bbox 530 726 733 818; x_wconf 54' lang='grc' dir='ltr'><strong>ῗιῖἑᾝῗ</strong></span> <span class='ocrx_word' id='word_1_20' title='bbox 850 754 1156 819; x_wconf 84' lang='lat' dir='ltr'><strong>tionibus</strong></span> <span class='ocrx_word' id='word_1_21' title='bbox 1203 755 1585 821; x_wconf 78' lang='lat' dir='ltr'><strong>enodandis</strong></span> <span class='ocrx_word' id='word_1_22' title='bbox 1630 756 1976 839; x_wconf 84' lang='lat' dir='ltr'>indigeret</span> <span class='ocrx_word' id='word_1_23' title='bbox 2020 775 2104 820; x_wconf 89' lang='lat' dir='ltr'><strong>eo</strong></span> <span class='ocrx_word' id='word_1_24' title='bbox 2156 752 2547 818; x_wconf 86' lang='lat' dir='ltr'><strong>sublimitas</strong></span> <span class='ocrx_word' id='word_1_25' title='bbox 2606 750 2755 814; x_wconf 86' lang='lat' dir='ltr'><strong>Ro-</strong></span> 
     </span>
     <span class='ocr_line' id='line_1_4' title="bbox 851 852 2760 939; baseline -0.004 -19"><span class='ocrx_word' id='word_1_26' title='bbox 851 874 1082 934; x_wconf 88' lang='lat' dir='ltr'><strong>mana,</strong></span> <span class='ocrx_word' id='word_1_27' title='bbox 1134 876 1262 920; x_wconf 90' lang='lat' dir='ltr'><strong>nec</strong></span> <span class='ocrx_word' id='word_1_28' title='bbox 1311 875 1478 921; x_wconf 83' lang='lat' dir='ltr'><strong>vero</strong></span> <span class='ocrx_word' id='word_1_29' title='bbox 1532 875 1841 939; x_wconf 87' lang='lat' dir='ltr'><strong>unquam</strong></span> <span class='ocrx_word' id='word_1_30' title='bbox 1900 854 2311 921; x_wconf 85' lang='lat' dir='ltr'><strong>Gallicanus</strong></span> <span class='ocrx_word' id='word_1_31' title='bbox 2369 860 2602 916; x_wconf 91' lang='lat' dir='ltr'><strong>tumor</strong></span> <span class='ocrx_word' id='word_1_32' title='bbox 2649 852 2760 914; x_wconf 90' lang='lat' dir='ltr'><strong>in-</strong></span> 
     </span>
     <span class='ocr_line' id='line_1_5' title="bbox 857 948 2759 1039; baseline -0.004 -19"><span class='ocrx_word' id='word_1_33' title='bbox 857 954 1046 1020; x_wconf 88' lang='lat' dir='ltr'><strong>venit</strong></span> <span class='ocrx_word' id='word_1_34' title='bbox 1095 956 1172 1020; x_wconf 93' lang='lat' dir='ltr'><strong>in</strong></span> <span class='ocrx_word' id='word_1_35' title='bbox 1221 955 1483 1039; x_wconf 86' lang='lat' dir='ltr'><strong>Anglo,</strong></span> <span class='ocrx_word' id='word_1_36' title='bbox 1538 958 1725 1039; x_wconf 91' lang='lat' dir='ltr'><strong>quod</strong></span> <span class='ocrx_word' id='word_1_37' title='bbox 1782 962 2111 1039; x_wconf 86' lang='lat' dir='ltr'><strong>argueret</strong></span> <span class='ocrx_word' id='word_1_38' title='bbox 2163 953 2431 1017; x_wconf 87' lang='lat' dir='ltr'><strong>merito.</strong></span> <span class='ocrx_word' id='word_1_39' title='bbox 2552 948 2759 1015; x_wconf 90' lang='lat' dir='ltr'><strong>Adeo</strong></span> 
     </span>
     <span class='ocr_line' id='line_1_6' title="bbox 855 1051 2762 1142; baseline -0.003 -24"><span class='ocrx_word' id='word_1_40' title='bbox 855 1053 1208 1120; x_wconf 75' lang='lat' dir='ltr'><strong>Latinitas</strong></span> <span class='ocrx_word' id='word_1_41' title='bbox 1241 1057 1466 1124; x_wconf 88' lang='lat' dir='ltr'><strong>omnis</strong></span> <span class='ocrx_word' id='word_1_42' title='bbox 1515 1057 1668 1142; x_wconf 84' lang='lat' dir='ltr'><strong>ejus</strong></span> <span class='ocrx_word' id='word_1_43' title='bbox 1701 1055 1861 1120; x_wconf 82' lang='lat' dir='ltr'><strong>fidei</strong></span> <span class='ocrx_word' id='word_1_44' title='bbox 1910 1063 1982 1120; x_wconf 91' lang='lat' dir='ltr'><strong>et</strong></span> <span class='ocrx_word' id='word_1_45' title='bbox 2024 1054 2426 1137; x_wconf 85' lang='lat' dir='ltr'><strong>magisterio</strong></span> <span class='ocrx_word' id='word_1_46' title='bbox 2452 1051 2762 1135; x_wconf 89' lang='lat' dir='ltr'><strong>palmam</strong></span> 
     </span>
    </p>

    <p class='ocr_par' dir='ltr' id='par_1_3' title="bbox 784 1150 2786 3337">
     <span class='ocr_line' id='line_1_7' title="bbox 784 1150 2761 1229; baseline -0.005 -6"><span class='ocrx_word' id='word_1_47' title='bbox 784 1179 801 1188; x_wconf 62' lang='grc'><strong>“</strong></span> <span class='ocrx_word' id='word_1_48' title='bbox 828 1153 1069 1224; x_wconf 69' lang='lat' dir='ltr'><strong>-.dedit.</strong></span> <span class='ocrx_word' id='word_1_49' title='bbox 1213 1155 1401 1220; x_wconf 89' lang='lat' dir='ltr'><strong>Nam</strong></span> <span class='ocrx_word' id='word_1_50' title='bbox 1458 1163 1531 1220; x_wconf 91' lang='lat' dir='ltr'><strong>et</strong></span> <span class='ocrx_word' id='word_1_51' title='bbox 1587 1156 1748 1221; x_wconf 85' lang='lat' dir='ltr'><strong>fidei</strong></span> <span class='ocrx_word' id='word_1_52' title='bbox 1804 1174 1994 1220; x_wconf 87' lang='lat' dir='ltr'><strong>sanae</strong></span> <span class='ocrx_word' id='word_1_53' title='bbox 2055 1162 2127 1221; x_wconf 91' lang='lat' dir='ltr'><strong>et</strong></span> <span class='ocrx_word' id='word_1_54' title='bbox 2182 1153 2575 1229; x_wconf 74' lang='lat' dir='ltr'><strong>incuriosae,</strong></span> <span class='ocrx_word' id='word_1_55' title='bbox 2636 1150 2761 1214; x_wconf 88' lang='lat' dir='ltr'><strong>sed</strong></span> 
     </span>
     <span class='ocr_line' id='line_1_8' title="bbox 856 1251 2763 1339; baseline -0.003 -21"><span class='ocrx_word' id='word_1_56' title='bbox 856 1255 1080 1320; x_wconf 90' lang='lat' dir='ltr'><strong>dulcis</strong></span> <span class='ocrx_word' id='word_1_57' title='bbox 1123 1255 1255 1320; x_wconf 87' lang='lat' dir='ltr'><strong>fuit</strong></span> <span class='ocrx_word' id='word_1_58' title='bbox 1297 1256 1739 1339; x_wconf 72' lang='lat' dir='ltr'><strong>eloquentiae,</strong></span> <span class='ocrx_word' id='word_1_59' title='bbox 1782 1257 1856 1320; x_wconf 91' lang='lat' dir='ltr'><strong>in</strong></span> <span class='ocrx_word' id='word_1_60' title='bbox 1895 1256 2213 1320; x_wconf 87' lang='lat' dir='ltr'><strong>omnibus</strong></span> <span class='ocrx_word' id='word_1_61' title='bbox 2247 1251 2763 1335; x_wconf 78' lang='lat' dir='ltr'><strong>explanationi-</strong></span> 
     </span>
     <span class='ocr_line' id='line_1_9' title="bbox 857 1353 2765 1439; baseline -0.003 -19"><span class='ocrx_word' id='word_1_62' title='bbox 857 1357 988 1420; x_wconf 86' lang='lat' dir='ltr'><strong>bus</strong></span> <span class='ocrx_word' id='word_1_63' title='bbox 1034 1354 1424 1421; x_wconf 88' lang='lat' dir='ltr'><strong>divinarum</strong></span> <span class='ocrx_word' id='word_1_64' title='bbox 1469 1357 1966 1439; x_wconf 88' lang='lat' dir='ltr'><strong>scripturarum</strong></span> <span class='ocrx_word' id='word_1_65' title='bbox 2015 1354 2241 1437; x_wconf 85' lang='lat' dir='ltr'><strong>magis</strong></span> <span class='ocrx_word' id='word_1_66' title='bbox 2286 1353 2410 1417; x_wconf 91' lang='lat' dir='ltr'><strong>illa</strong></span> <span class='ocrx_word' id='word_1_67' title='bbox 2468 1353 2765 1415; x_wconf 89' lang='lat' dir='ltr'><strong>rimatus</strong></span> 
     </span>
     <span class='ocr_line' id='line_1_10' title="bbox 857 1451 2767 1539; baseline -0.003 -21"><span class='ocrx_word' id='word_1_68' title='bbox 857 1456 1112 1539; x_wconf 91' lang='lat' dir='ltr'><strong>quibus</strong></span> <span class='ocrx_word' id='word_1_69' title='bbox 1155 1457 1375 1521; x_wconf 88' lang='lat' dir='ltr'><strong>lector</strong></span> <span class='ocrx_word' id='word_1_70' title='bbox 1419 1457 1557 1520; x_wconf 92' lang='lat' dir='ltr'><strong>Dei</strong></span> <span class='ocrx_word' id='word_1_71' title='bbox 1599 1455 2037 1520; x_wconf 88' lang='lat' dir='ltr'><strong>dilectionem</strong></span> <span class='ocrx_word' id='word_1_72' title='bbox 2098 1461 2171 1519; x_wconf 89' lang='lat' dir='ltr'><strong>et</strong></span> <span class='ocrx_word' id='word_1_73' title='bbox 2220 1452 2520 1537; x_wconf 84' lang='lat' dir='ltr'><strong>proximi</strong></span> <span class='ocrx_word' id='word_1_74' title='bbox 2574 1451 2767 1516; x_wconf 88' lang='lat' dir='ltr'><strong>cohi·</strong></span> 
     </span>
     <span class='ocr_line' id='line_1_11' title="bbox 859 1553 2768 1640; baseline -0.002 -21"><span class='ocrx_word' id='word_1_75' title='bbox 859 1557 1078 1634; x_wconf 82' lang='lat' dir='ltr'><strong>beret,</strong></span> <span class='ocrx_word' id='word_1_76' title='bbox 1131 1575 1342 1640; x_wconf 86' lang='lat' dir='ltr'><strong>quam</strong></span> <span class='ocrx_word' id='word_1_77' title='bbox 1397 1556 1522 1620; x_wconf 97' lang='lat' dir='ltr'><strong>illa</strong></span> <span class='ocrx_word' id='word_1_78' title='bbox 1578 1558 1832 1640; x_wconf 88' lang='lat' dir='ltr'><strong>quibus</strong></span> <span class='ocrx_word' id='word_1_79' title='bbox 1902 1557 2013 1621; x_wconf 87' lang='lat' dir='ltr'><strong>vel</strong></span> <span class='ocrx_word' id='word_1_80' title='bbox 2086 1555 2269 1619; x_wconf 89' lang='lat' dir='ltr'><strong>sales</strong></span> <span class='ocrx_word' id='word_1_81' title='bbox 2339 1553 2591 1617; x_wconf 84' lang='lat' dir='ltr'><strong>libaret</strong></span> <span class='ocrx_word' id='word_1_82' title='bbox 2654 1553 2768 1616; x_wconf 84' lang='lat' dir='ltr'><strong>vel</strong></span> 
     </span>
     <span class='ocr_line' id='line_1_12' title="bbox 861 1653 2767 1739; baseline -0.003 -18"><span class='ocrx_word' id='word_1_83' title='bbox 861 1656 1120 1738; x_wconf 84' lang='lat' dir='ltr'><strong>linguae</strong></span> <span class='ocrx_word' id='word_1_84' title='bbox 1165 1657 1556 1739; x_wconf 83' lang='lat' dir='ltr'><strong>rubiginem</strong></span> <span class='ocrx_word' id='word_1_85' title='bbox 1599 1657 1895 1722; x_wconf 89' lang='lat' dir='ltr'><strong>limaret.</strong></span> <span class='ocrx_word' id='word_1_86' title='bbox 2003 1655 2227 1720; x_wconf 89' lang='lat' dir='ltr'><strong>Porro</strong></span> <span class='ocrx_word' id='word_1_87' title='bbox 2251 1653 2338 1717; x_wconf 93' lang='lat' dir='ltr'><strong>de</strong></span> <span class='ocrx_word' id='word_1_88' title='bbox 2362 1654 2529 1718; x_wconf 80' lang='lat' dir='ltr'><strong>vitae</strong></span> <span class='ocrx_word' id='word_1_89' title='bbox 2573 1653 2767 1716; x_wconf 90' lang='lat' dir='ltr'><strong>illius</strong></span> 
     </span>
     <span class='ocr_line' id='line_1_13' title="bbox 863 1753 2769 1843; baseline -0.003 -23"><span class='ocrx_word' id='word_1_90' title='bbox 863 1758 1236 1822; x_wconf 83' lang='lat' dir='ltr'><strong>sanctitate</strong></span> <span class='ocrx_word' id='word_1_91' title='bbox 1283 1756 1603 1821; x_wconf 86' lang='lat' dir='ltr'><strong>dubitare</strong></span> <span class='ocrx_word' id='word_1_92' title='bbox 1658 1776 2053 1843; x_wconf 84' lang='lat' dir='ltr'><strong>quenquam</strong></span> <span class='ocrx_word' id='word_1_93' title='bbox 2104 1761 2297 1820; x_wconf 90' lang='lat' dir='ltr'><strong>arcet</strong></span> <span class='ocrx_word' id='word_1_94' title='bbox 2343 1753 2535 1818; x_wconf 89' lang='lat' dir='ltr'><strong>illius</strong></span> <span class='ocrx_word' id='word_1_95' title='bbox 2596 1753 2769 1816; x_wconf 89' lang='lat' dir='ltr'><strong>dicti</strong></span> 
     </span>
     <span class='ocr_line' id='line_1_14' title="bbox 863 1846 2768 1942; baseline -0.003 -22"><span class='ocrx_word' id='word_1_96' title='bbox 863 1857 1360 1940; x_wconf 87' lang='lat' dir='ltr'><strong>irrefragabilis</strong></span> <span class='ocrx_word' id='word_1_97' title='bbox 1389 1859 1651 1922; x_wconf 86' lang='lat' dir='ltr'><strong>veritas</strong></span> <span class='ocrx_word' id='word_1_98' title='bbox 1682 1857 1867 1942; x_wconf 88' lang='lat' dir='ltr'><strong>quod</strong></span> <span class='ocrx_word' id='word_1_99' title='bbox 1912 1855 2203 1940; x_wconf 89' lang='lat' dir='ltr'><strong>protulit</strong></span> <span class='ocrx_word' id='word_1_100' title='bbox 2245 1853 2505 1919; x_wconf 90' lang='lat' dir='ltr'><strong>mundo</strong></span> <span class='ocrx_word' id='word_1_101' title='bbox 2550 1846 2768 1916; x_wconf 70' lang='lat' dir='ltr'><strong>&#39;divae</strong></span> 
     </span>
     <span class='ocr_line' id='line_1_15' title="bbox 865 1952 2772 2042; baseline -0.003 -20"><span class='ocrx_word' id='word_1_102' title='bbox 865 1957 1129 2039; x_wconf 84' lang='lat' dir='ltr'><strong>sophiae</strong></span> <span class='ocrx_word' id='word_1_103' title='bbox 1158 1957 1516 2042; x_wconf 81' lang='lat' dir='ltr'><strong>majestas,</strong></span> <span class='ocrx_word' id='word_1_104' title='bbox 1545 1963 1566 1992; x_wconf 89' lang='lat'>‘</span> <span class='ocrx_word' id='word_1_105' title='bbox 1592 1952 1714 2024; x_wconf 81' lang='lat' dir='ltr'><strong>³In</strong></span> <span class='ocrx_word' id='word_1_106' title='bbox 1746 1957 2144 2022; x_wconf 83' lang='lat' dir='ltr'><strong>malivolam</strong></span> <span class='ocrx_word' id='word_1_107' title='bbox 2171 1955 2473 2020; x_wconf 89' lang='lat' dir='ltr'><strong>animam</strong></span> <span class='ocrx_word' id='word_1_108' title='bbox 2500 1973 2643 2019; x_wconf 92' lang='lat' dir='ltr'><strong>non</strong></span> <span class='ocrx_word' id='word_1_109' title='bbox 2662 1953 2772 2016; x_wconf 90' lang='lat' dir='ltr'><strong>in-</strong></span> 
     </span>
     <span class='ocr_line' id='line_1_16' title="bbox 866 2055 2772 2140; baseline -0.001 -21"><span class='ocrx_word' id='word_1_110' title='bbox 866 2057 1107 2120; x_wconf 85' lang='lat' dir='ltr'><strong>troibit</strong></span> <span class='ocrx_word' id='word_1_111' title='bbox 1135 2059 1500 2140; x_wconf 89' lang='lat' dir='ltr'><strong>sapientia,</strong></span> <span class='ocrx_word' id='word_1_112' title='bbox 1532 2063 1659 2124; x_wconf 86' lang='lat' dir='ltr'><strong>nec</strong></span> <span class='ocrx_word' id='word_1_113' title='bbox 1692 2057 2110 2122; x_wconf 84' lang='lat' dir='ltr'><strong>inhabitabit</strong></span> <span class='ocrx_word' id='word_1_114' title='bbox 2158 2057 2231 2120; x_wconf 89' lang='lat' dir='ltr'><strong>in</strong></span> <span class='ocrx_word' id='word_1_115' title='bbox 2272 2074 2559 2138; x_wconf 89' lang='lat' dir='ltr'><strong>corpore</strong></span> <span class='ocrx_word' id='word_1_116' title='bbox 2605 2055 2772 2117; x_wconf 90' lang='lat' dir='ltr'><strong>sub-</strong></span> 
     </span>
     <span class='ocr_line' id='line_1_17' title="bbox 867 2155 2774 2242; baseline -0.001 -23"><span class='ocrx_word' id='word_1_117' title='bbox 867 2155 1015 2220; x_wconf 92' lang='lat' dir='ltr'><strong>dito</strong></span> <span class='ocrx_word' id='word_1_118' title='bbox 1053 2159 1358 2240; x_wconf 89' lang='lat' dir='ltr'><strong>peccatis</strong></span> <span class='ocrx_word' id='word_1_119' title='bbox 1381 2157 1424 2222; x_wconf 80' lang='lat'><strong>:⁹</strong></span> <span class='ocrx_word' id='word_1_120' title='bbox 1468 2158 1657 2242; x_wconf 90' lang='lat' dir='ltr'><strong>quod</strong></span> <span class='ocrx_word' id='word_1_121' title='bbox 1702 2157 1789 2221; x_wconf 90' lang='lat' dir='ltr'><strong>de</strong></span> <span class='ocrx_word' id='word_1_122' title='bbox 1830 2157 2185 2221; x_wconf 88' lang='lat' dir='ltr'><strong>mundana</strong></span> <span class='ocrx_word' id='word_1_123' title='bbox 2222 2155 2566 2238; x_wconf 86' lang='lat' dir='ltr'><strong>sapientia</strong></span> <span class='ocrx_word' id='word_1_124' title='bbox 2610 2173 2774 2238; x_wconf 91' lang='lat' dir='ltr'><strong>pro-</strong></span> 
     </span>
     <span class='ocr_line' id='line_1_18' title="bbox 866 2255 2775 2342; baseline -0.002 -23"><span class='ocrx_word' id='word_1_125' title='bbox 866 2255 1050 2320; x_wconf 87' lang='lat' dir='ltr'><strong>fecto</strong></span> <span class='ocrx_word' id='word_1_126' title='bbox 1079 2277 1216 2322; x_wconf 90' lang='lat' dir='ltr'><strong>non</strong></span> <span class='ocrx_word' id='word_1_127' title='bbox 1261 2258 1455 2336; x_wconf 90' lang='lat' dir='ltr'><strong>dicit,</strong></span> <span class='ocrx_word' id='word_1_128' title='bbox 1501 2279 1659 2342; x_wconf 86' lang='lat' dir='ltr'><strong>quae</strong></span> <span class='ocrx_word' id='word_1_129' title='bbox 1707 2257 2174 2322; x_wconf 88' lang='lat' dir='ltr'><strong>indifferenter</strong></span> <span class='ocrx_word' id='word_1_130' title='bbox 2214 2255 2572 2321; x_wconf 90' lang='lat' dir='ltr'><strong>hominum</strong></span> <span class='ocrx_word' id='word_1_131' title='bbox 2620 2274 2775 2318; x_wconf 90' lang='lat' dir='ltr'><strong>cor-</strong></span> 
     </span>
     <span class='ocr_line' id='line_1_19' title="bbox 869 2355 2777 2442; baseline -0.001 -23"><span class='ocrx_word' id='word_1_132' title='bbox 869 2355 1072 2420; x_wconf 91' lang='lat' dir='ltr'><strong>dibus</strong></span> <span class='ocrx_word' id='word_1_133' title='bbox 1098 2357 1434 2436; x_wconf 88' lang='lat' dir='ltr'><strong>illabitur,</strong></span> <span class='ocrx_word' id='word_1_134' title='bbox 1460 2365 1533 2422; x_wconf 93' lang='lat' dir='ltr'><strong>et</strong></span> <span class='ocrx_word' id='word_1_135' title='bbox 1566 2378 1707 2442; x_wconf 91' lang='lat' dir='ltr'><strong>qua</strong></span> <span class='ocrx_word' id='word_1_136' title='bbox 1740 2359 2149 2422; x_wconf 87' lang='lat' dir='ltr'><strong>creberrime</strong></span> <span class='ocrx_word' id='word_1_137' title='bbox 2176 2357 2481 2439; x_wconf 87' lang='lat' dir='ltr'><strong>pessimi,</strong></span> <span class='ocrx_word' id='word_1_138' title='bbox 2510 2355 2777 2419; x_wconf 84' lang='lat' dir='ltr'><strong>nullas-</strong></span> 
     </span>
     <span class='ocr_line' id='line_1_20' title="bbox 857 2455 2777 2543; baseline -0.001 -23"><span class='ocrx_word' id='word_1_139' title='bbox 857 2476 1005 2540; x_wconf 77' lang='lat' dir='ltr'><strong>que</strong></span> <span class='ocrx_word' id='word_1_140' title='bbox 1037 2456 1128 2520; x_wconf 93' lang='lat' dir='ltr'><strong>ad</strong></span> <span class='ocrx_word' id='word_1_141' title='bbox 1157 2465 1547 2522; x_wconf 81' lang='lat' dir='ltr'><strong>extremum</strong></span> <span class='ocrx_word' id='word_1_142' title='bbox 1578 2458 1759 2522; x_wconf 90' lang='lat' dir='ltr'><strong>diem</strong></span> <span class='ocrx_word' id='word_1_143' title='bbox 1776 2464 2111 2543; x_wconf 89' lang='lat' dir='ltr'><strong>ponentes</strong></span> <span class='ocrx_word' id='word_1_144' title='bbox 2132 2465 2354 2522; x_wconf 90' lang='lat' dir='ltr'><strong>metas</strong></span> <span class='ocrx_word' id='word_1_145' title='bbox 2374 2455 2777 2533; x_wconf 84' lang='lat' dir='ltr'><strong>sceleribus,</strong></span> 
     </span>
     <span class='ocr_line' id='line_1_21' title="bbox 866 2557 2776 2644; baseline -0.001 -23"><span class='ocrx_word' id='word_1_146' title='bbox 866 2557 1128 2640; x_wconf 86' lang='lat' dir='ltr'><strong>pollere</strong></span> <span class='ocrx_word' id='word_1_147' title='bbox 1194 2560 1740 2642; x_wconf 89' lang='lat' dir='ltr'><strong>conspiciuntur,</strong></span> <span class='ocrx_word' id='word_1_148' title='bbox 1786 2560 2005 2644; x_wconf 80' lang='lat' dir='ltr'><strong>&#39;juxta</strong></span> <span class='ocrx_word' id='word_1_149' title='bbox 2062 2557 2238 2623; x_wconf 91' lang='lat' dir='ltr'><strong>illud</strong></span> <span class='ocrx_word' id='word_1_150' title='bbox 2304 2558 2776 2634; x_wconf 84' lang='lat' dir='ltr'><strong>Dominicum‚</strong></span> 
     </span>
     <span class='ocr_line' id='line_1_22' title="bbox 869 2651 2780 2742; baseline 0.001 -22"><span class='ocrx_word' id='word_1_151' title='bbox 869 2662 888 2691; x_wconf 92' lang='lat'>‘</span> <span class='ocrx_word' id='word_1_152' title='bbox 909 2651 936 2689; x_wconf 83' lang='lat'><strong>⁴</strong></span> <span class='ocrx_word' id='word_1_153' title='bbox 949 2657 1109 2721; x_wconf 91' lang='lat' dir='ltr'><strong>Filii</strong></span> <span class='ocrx_word' id='word_1_154' title='bbox 1129 2656 1337 2742; x_wconf 87' lang='lat' dir='ltr'><strong>hujus</strong></span> <span class='ocrx_word' id='word_1_155' title='bbox 1355 2660 1575 2724; x_wconf 86' lang='lat' dir='ltr'><strong>seculi</strong></span> <span class='ocrx_word' id='word_1_156' title='bbox 1593 2659 2072 2742; x_wconf 88' lang='lat' dir='ltr'><strong>prudentiores</strong></span> <span class='ocrx_word' id='word_1_157' title='bbox 2090 2658 2251 2723; x_wconf 85' lang='lat' dir='ltr'><strong>filiis</strong></span> <span class='ocrx_word' id='word_1_158' title='bbox 2280 2658 2456 2722; x_wconf 90' lang='lat' dir='ltr'><strong>lucis</strong></span> <span class='ocrx_word' id='word_1_159' title='bbox 2474 2658 2547 2721; x_wconf 90' lang='lat' dir='ltr'><strong>in</strong></span> <span class='ocrx_word' id='word_1_160' title='bbox 2568 2676 2780 2739; x_wconf 84' lang='lat' dir='ltr'><strong>gene-</strong></span> 
     </span>
     <span class='ocr_line' id='line_1_23' title="bbox 869 2752 2779 2842; baseline 0.001 -22"><span class='ocrx_word' id='word_1_161' title='bbox 869 2758 1136 2821; x_wconf 87' lang='lat' dir='ltr'><strong>ratione</strong></span> <span class='ocrx_word' id='word_1_162' title='bbox 1173 2778 1304 2824; x_wconf 90' lang='lat' dir='ltr'><strong>sua</strong></span> <span class='ocrx_word' id='word_1_163' title='bbox 1332 2767 1496 2823; x_wconf 89' lang='lat' dir='ltr'><strong>sunt</strong></span> <span class='ocrx_word' id='word_1_164' title='bbox 1518 2760 1569 2839; x_wconf 90' lang='lat'><strong>;’</strong></span> <span class='ocrx_word' id='word_1_165' title='bbox 1614 2760 1737 2824; x_wconf 90' lang='lat' dir='ltr'><strong>sed</strong></span> <span class='ocrx_word' id='word_1_166' title='bbox 1766 2760 1958 2823; x_wconf 92' lang='lat' dir='ltr'><strong>illam</strong></span> <span class='ocrx_word' id='word_1_167' title='bbox 1984 2759 2397 2842; x_wconf 90' lang='lat' dir='ltr'><strong>sapientiam</strong></span> <span class='ocrx_word' id='word_1_168' title='bbox 2424 2752 2779 2822; x_wconf 85' lang='lat' dir='ltr'><strong>⁵n0minat</strong></span> 
     </span>
     <span class='ocr_line' id='line_1_24' title="bbox 857 2858 2780 2943; baseline 0.001 -23"><span class='ocrx_word' id='word_1_169' title='bbox 857 2877 1027 2940; x_wconf 70' lang='lat' dir='ltr'><strong>,quae</strong></span> <span class='ocrx_word' id='word_1_170' title='bbox 1057 2858 1440 2941; x_wconf 75' lang='lat' dir='ltr'><strong>disciplinae</strong></span> <span class='ocrx_word' id='word_1_171' title='bbox 1468 2860 1714 2943; x_wconf 86' lang='lat' dir='ltr'><strong>effugit</strong></span> <span class='ocrx_word' id='word_1_172' title='bbox 1740 2860 2001 2938; x_wconf 90' lang='lat' dir='ltr'><strong>fictum,</strong></span> <span class='ocrx_word' id='word_1_173' title='bbox 2035 2867 2105 2923; x_wconf 91' lang='lat' dir='ltr'><strong>et</strong></span> <span class='ocrx_word' id='word_1_174' title='bbox 2134 2879 2292 2942; x_wconf 84' lang='lat' dir='ltr'><strong>quae</strong></span> <span class='ocrx_word' id='word_1_175' title='bbox 2320 2867 2606 2941; x_wconf 86' lang='lat' dir='ltr'><strong>separat</strong></span> <span class='ocrx_word' id='word_1_176' title='bbox 2628 2877 2707 2922; x_wconf 89' lang='lat' dir='ltr'><strong>se</strong></span> <span class='ocrx_word' id='word_1_177' title='bbox 2736 2878 2780 2922; x_wconf 89' lang='lat' dir='ltr'><strong>a</strong></span> 
     </span>
     <span class='ocr_line' id='line_1_25' title="bbox 870 2958 2779 3043; baseline -0.001 -21"><span class='ocrx_word' id='word_1_178' title='bbox 870 2958 1412 3040; x_wconf 85' lang='lat' dir='ltr'><strong>cogitationibus</strong></span> <span class='ocrx_word' id='word_1_179' title='bbox 1444 2980 1603 3043; x_wconf 86' lang='lat' dir='ltr'><strong>quae</strong></span> <span class='ocrx_word' id='word_1_180' title='bbox 1634 2967 1799 3023; x_wconf 90' lang='lat' dir='ltr'><strong>sunt</strong></span> <span class='ocrx_word' id='word_1_181' title='bbox 1828 2960 1977 3026; x_wconf 90' lang='lat' dir='ltr'><strong>sine</strong></span> <span class='ocrx_word' id='word_1_182' title='bbox 2006 2960 2391 3037; x_wconf 89' lang='lat' dir='ltr'><strong>intellectu,</strong></span> <span class='ocrx_word' id='word_1_183' title='bbox 2415 2958 2779 3024; x_wconf 89' lang='lat' dir='ltr'><strong>intellectu</strong></span> 
     </span>
     <span class='ocr_line' id='line_1_26' title="bbox 870 3057 2778 3142; baseline 0.001 -22"><span class='ocrx_word' id='word_1_184' title='bbox 870 3057 1026 3122; x_wconf 90' lang='lat' dir='ltr'><strong>dico</strong></span> <span class='ocrx_word' id='word_1_185' title='bbox 1058 3060 1233 3122; x_wconf 91' lang='lat' dir='ltr'><strong>bene</strong></span> <span class='ocrx_word' id='word_1_186' title='bbox 1263 3060 1543 3124; x_wconf 88' lang='lat' dir='ltr'><strong>vivendi</strong></span> <span class='ocrx_word' id='word_1_187' title='bbox 1574 3068 1646 3123; x_wconf 92' lang='lat' dir='ltr'><strong>et</strong></span> <span class='ocrx_word' id='word_1_188' title='bbox 1672 3061 1847 3124; x_wconf 90' lang='lat' dir='ltr'><strong>bene</strong></span> <span class='ocrx_word' id='word_1_189' title='bbox 1876 3059 2187 3125; x_wconf 88' lang='lat' dir='ltr'><strong>dicendi:</strong></span> <span class='ocrx_word' id='word_1_190' title='bbox 2236 3060 2421 3123; x_wconf 91' lang='lat' dir='ltr'><strong>unde</strong></span> <span class='ocrx_word' id='word_1_191' title='bbox 2454 3060 2778 3142; x_wconf 90' lang='lat' dir='ltr'><strong>pulcher-</strong></span> 
     </span>
     <span class='ocr_line' id='line_1_27' title="bbox 869 3154 2786 3237; baseline 0.002 -18"><span class='ocrx_word' id='word_1_192' title='bbox 869 3158 1041 3221; x_wconf 91' lang='lat' dir='ltr'><strong>rime</strong></span> <span class='ocrx_word' id='word_1_193' title='bbox 1088 3157 1374 3236; x_wconf 90' lang='lat' dir='ltr'><strong>Seneca,</strong></span> <span class='ocrx_word' id='word_1_194' title='bbox 1424 3161 1498 3224; x_wconf 90' lang='lat' dir='ltr'><strong>in</strong></span> <span class='ocrx_word' id='word_1_195' title='bbox 1546 3160 1725 3224; x_wconf 90' lang='lat' dir='ltr'><strong>libro</strong></span> <span class='ocrx_word' id='word_1_196' title='bbox 1756 3154 1907 3224; x_wconf 82' lang='lat' dir='ltr'><strong>⁶De</strong></span> <span class='ocrx_word' id='word_1_197' title='bbox 1960 3159 2236 3237; x_wconf 86' lang='lat' dir='ltr'><strong>Causis,</strong></span> <span class='ocrx_word' id='word_1_198' title='bbox 2285 3165 2786 3223; x_wconf 86' lang='lat' dir='ltr'><strong>commemorat</strong></span> 
     </span>
     <span class='ocr_line' id='line_1_28' title="bbox 873 3256 2782 3337; baseline 0.001 -16"><span class='ocrx_word' id='word_1_199' title='bbox 873 3256 1235 3335; x_wconf 86' lang='lat' dir='ltr'><strong>Catonem,</strong></span> <span class='ocrx_word' id='word_1_200' title='bbox 1281 3260 1579 3326; x_wconf 90' lang='lat' dir='ltr'><strong>oratoris</strong></span> <span class='ocrx_word' id='word_1_201' title='bbox 1623 3258 1922 3324; x_wconf 91' lang='lat' dir='ltr'><strong>officium</strong></span> <span class='ocrx_word' id='word_1_202' title='bbox 1977 3260 2439 3337; x_wconf 88' lang='lat' dir='ltr'><strong>definientem,</strong></span> <span class='ocrx_word' id='word_1_203' title='bbox 2485 3260 2782 3337; x_wconf 82' lang='lat' dir='ltr'><strong>dixisse,</strong></span> 
     </span>
    </p>

    <p class='ocr_par' dir='ltr' id='par_1_4' title="bbox 869 3356 2782 3644">
     <span class='ocr_line' id='line_1_29' title="bbox 871 3356 2778 3444; baseline 0.001 -23"><span class='ocrx_word' id='word_1_204' title='bbox 871 3365 888 3393; x_wconf 87' lang='lat'>‘</span> <span class='ocrx_word' id='word_1_205' title='bbox 925 3356 1180 3422; x_wconf 88' lang='lat' dir='ltr'><strong>Orator</strong></span> <span class='ocrx_word' id='word_1_206' title='bbox 1229 3366 1337 3423; x_wconf 88' lang='lat' dir='ltr'><strong>est</strong></span> <span class='ocrx_word' id='word_1_207' title='bbox 1375 3362 1484 3423; x_wconf 85' lang='lat' dir='ltr'><strong>vir</strong></span> <span class='ocrx_word' id='word_1_208' title='bbox 1511 3361 1759 3439; x_wconf 86' lang='lat' dir='ltr'><strong>bonus,</strong></span> <span class='ocrx_word' id='word_1_209' title='bbox 1788 3360 2060 3425; x_wconf 90' lang='lat' dir='ltr'><strong>dicendi</strong></span> <span class='ocrx_word' id='word_1_210' title='bbox 2091 3360 2405 3444; x_wconf 62' lang='lat' dir='ltr'><strong>peritus?</strong></span> <span class='ocrx_word' id='word_1_211' title='bbox 2508 3360 2778 3423; x_wconf 90' lang='lat' dir='ltr'><strong>Emun-</strong></span> 
     </span>
     <span class='ocr_line' id='line_1_30' title="bbox 869 3456 2782 3545; baseline 0.002 -25"><span class='ocrx_word' id='word_1_212' title='bbox 869 3456 1083 3521; x_wconf 88' lang='lat' dir='ltr'><strong>dabat</strong></span> <span class='ocrx_word' id='word_1_213' title='bbox 1130 3464 1296 3540; x_wconf 85' lang='lat' dir='ltr'><strong>ergo</strong></span> <span class='ocrx_word' id='word_1_214' title='bbox 1349 3460 1861 3525; x_wconf 83' lang='lat' dir='ltr'><strong>ecclesiasticus</strong></span> <span class='ocrx_word' id='word_1_215' title='bbox 1900 3467 2137 3525; x_wconf 89' lang='lat' dir='ltr'><strong>orator</strong></span> <span class='ocrx_word' id='word_1_216' title='bbox 2179 3462 2381 3545; x_wconf 87' lang='lat' dir='ltr'><strong>prius.</strong></span> <span class='ocrx_word' id='word_1_217' title='bbox 2421 3461 2782 3524; x_wconf 90' lang='lat' dir='ltr'><strong>conscien-</strong></span> 
     </span>
     <span class='ocr_line' id='line_1_31' title="bbox 869 3551 2780 3644; baseline 0.002 -23"><span class='ocrx_word' id='word_1_218' title='bbox 869 3558 1153 3636; x_wconf 88' lang='lat' dir='ltr'><strong>tiam,ut</strong></span> <span class='ocrx_word' id='word_1_219' title='bbox 1171 3560 1271 3624; x_wconf 90' lang='lat' dir='ltr'><strong>sic</strong></span> <span class='ocrx_word' id='word_1_220' title='bbox 1294 3560 1651 3624; x_wconf 88' lang='lat' dir='ltr'><strong>accederet</strong></span> <span class='ocrx_word' id='word_1_221' title='bbox 1674 3561 1761 3624; x_wconf 93' lang='lat' dir='ltr'><strong>ad</strong></span> <span class='ocrx_word' id='word_1_222' title='bbox 1786 3551 2780 3644; x_wconf 83' lang='lat' dir='ltr'><strong>⁷recludendammysticorum</strong></span> 
     </span>
    </p>
   </div>
   <div class='ocr_carea' id='block_1_3' title="bbox 867 3658 2783 3745">
    <p class='ocr_par' dir='ltr' id='par_1_5' title="bbox 867 3658 2783 3745">
     <span class='ocr_line' id='line_1_32' title="bbox 867 3658 2783 3745; baseline 0.002 -23"><span class='ocrx_word' id='word_1_223' title='bbox 867 3658 1278 3743; x_wconf 87' lang='lat' dir='ltr'><strong>scriptorum</strong></span> <span class='ocrx_word' id='word_1_224' title='bbox 1304 3660 1861 3743; x_wconf 84' lang='lat' dir='ltr'><strong>intelligentiam.</strong></span> <span class='ocrx_word' id='word_1_225' title='bbox 1968 3660 2111 3741; x_wconf 82' lang='lat' dir='ltr'><strong>Qui</strong></span> <span class='ocrx_word' id='word_1_226' title='bbox 2144 3662 2327 3727; x_wconf 90' lang='lat' dir='ltr'><strong>enim</strong></span> <span class='ocrx_word' id='word_1_227' title='bbox 2361 3662 2509 3725; x_wconf 86' lang='lat' dir='ltr'><strong>fieri</strong></span> <span class='ocrx_word' id='word_1_228' title='bbox 2541 3668 2783 3745; x_wconf 89' lang='lat' dir='ltr'><strong>potest</strong></span> 
     </span>
    </p>
   </div>
   <div class='ocr_carea' id='block_1_4' title="bbox 934 3883 2787 4020">
    <p class='ocr_par' dir='ltr' id='par_1_6' title="bbox 934 3883 2787 4020">
     <span class='ocr_line' id='line_1_33' title="bbox 935 3883 2787 3951; baseline 0.001 -16"><span class='ocrx_word' id='word_1_229' title='bbox 935 3883 953 3917; x_wconf 91' lang='lat'>¹</span> <span class='ocrx_word' id='word_1_230' title='bbox 975 3886 1137 3951; x_wconf 85' lang='lat' dir='ltr'><strong>Jam.]</strong></span> <span class='ocrx_word' id='word_1_231' title='bbox 1170 3884 1238 3937; x_wconf 79' lang='lat' dir='ltr'><strong>A.</strong></span> <span class='ocrx_word' id='word_1_232' title='bbox 1265 3887 1333 3937; x_wconf 88' lang='lat' dir='ltr'><strong>D.</strong></span> <span class='ocrx_word' id='word_1_233' title='bbox 1359 3887 1424 3937; x_wconf 88' lang='lat' dir='ltr'><strong>E.</strong></span> <span class='ocrx_word' id='word_1_234' title='bbox 1446 3886 1543 3947; x_wconf 80' lang='lat' dir='ltr'><strong>L.;</strong></span> <span class='ocrx_word' id='word_1_235' title='bbox 1575 3890 1697 3949; x_wconf 83' lang='lat' dir='ltr'><strong>tam,</strong></span> <span class='ocrx_word' id='word_1_236' title='bbox 1724 3888 1783 3937; x_wconf 86' lang='lat' dir='ltr'><strong>C.</strong></span> <span class='ocrx_word' id='word_1_237' title='bbox 1918 3884 1938 3914; x_wconf 81' lang='lat'>⁵</span> <span class='ocrx_word' id='word_1_238' title='bbox 1961 3886 2238 3950; x_wconf 78' lang='lat' dir='ltr'><strong>Nominat.]</strong></span> <span class='ocrx_word' id='word_1_239' title='bbox 2274 3886 2333 3936; x_wconf 78' lang='lat' dir='ltr'><strong>S.</strong></span> <span class='ocrx_word' id='word_1_240' title='bbox 2355 3887 2418 3935; x_wconf 79' lang='lat' dir='ltr'><strong>G.</strong></span> <span class='ocrx_word' id='word_1_241' title='bbox 2442 3886 2514 3939; x_wconf 88' lang='lat' dir='ltr'><strong>D.</strong></span> <span class='ocrx_word' id='word_1_242' title='bbox 2538 3886 2641 3948; x_wconf 82' lang='lat' dir='ltr'><strong>E.;</strong></span> <span class='ocrx_word' id='word_1_243' title='bbox 2697 3903 2787 3937; x_wconf 93' lang='lat' dir='ltr'><strong>no-</strong></span> 
     </span>
     <span class='ocr_line' id='line_1_34' title="bbox 934 3954 2156 4020; baseline 0.002 -15"><span class='ocrx_word' id='word_1_244' title='bbox 934 3954 956 3987; x_wconf 63' lang='grc'><strong>9</strong></span> <span class='ocrx_word' id='word_1_245' title='bbox 977 3956 1169 4020; x_wconf 64' lang='lat' dir='ltr'><strong>Dima]</strong></span> <span class='ocrx_word' id='word_1_246' title='bbox 1217 3956 1286 4008; x_wconf 75' lang='lat' dir='ltr'><strong>A.</strong></span> <span class='ocrx_word' id='word_1_247' title='bbox 1311 3957 1368 4006; x_wconf 80' lang='lat' dir='ltr'><strong>S.</strong></span> <span class='ocrx_word' id='word_1_248' title='bbox 1397 3959 1456 4007; x_wconf 83' lang='lat' dir='ltr'><strong>G.</strong></span> <span class='ocrx_word' id='word_1_249' title='bbox 1483 3958 1549 4005; x_wconf 85' lang='lat' dir='ltr'><strong>E.</strong></span> <span class='ocrx_word' id='word_1_250' title='bbox 1573 3956 1635 4006; x_wconf 81' lang='lat' dir='ltr'><strong>L.</strong></span> <span class='ocrx_word' id='word_1_251' title='bbox 1657 3973 1673 4017; x_wconf 89' lang='lat'>;</span> <span class='ocrx_word' id='word_1_252' title='bbox 1719 3957 1797 4006; x_wconf 88' lang='lat' dir='ltr'><strong>di·</strong></span> <span class='ocrx_word' id='word_1_253' title='bbox 1844 3958 2073 4019; x_wconf 81' lang='lat' dir='ltr'><strong>minavit,</strong></span> <span class='ocrx_word' id='word_1_254' title='bbox 2094 3958 2156 4007; x_wconf 89' lang='lat' dir='ltr'><strong>L.</strong></span> 
     </span>
    </p>
   </div>
   <div class='ocr_carea' id='block_1_5' title="bbox 863 4027 2835 4216">
    <p class='ocr_par' dir='ltr' id='par_1_7' title="bbox 863 4027 2835 4216">
     <span class='ocr_line' id='line_1_35' title="bbox 863 4027 2835 4161; baseline -0.02 -13"><span class='ocrx_word' id='word_1_255' title='bbox 863 4027 1344 4146; x_wconf 36' lang='lat' dir='ltr'><strong>vuffiaeiunfflngmm</strong></span> <span class='ocrx_word' id='word_1_256' title='bbox 1376 4133 1389 4147; x_wconf 90' lang='lat'><strong><em>.</em></strong></span> <span class='ocrx_word' id='word_1_257' title='bbox 1417 4133 1429 4147; x_wconf 92' lang='lat'><strong><em>.</em></strong></span> <span class='ocrx_word' id='word_1_258' title='bbox 1456 4133 1468 4147; x_wconf 91' lang='lat'><strong><em>.</em></strong></span> <span class='ocrx_word' id='word_1_259' title='bbox 1498 4133 1510 4147; x_wconf 92' lang='lat'><strong><em>.</em></strong></span> <span class='ocrx_word' id='word_1_260' title='bbox 1542 4096 1797 4161; x_wconf 62' lang='lat' dir='ltr'><strong>peccatia]</strong></span> <span class='ocrx_word' id='word_1_261' title='bbox 1920 4066 1942 4097; x_wconf 78' lang='lat'>⁶</span> <span class='ocrx_word' id='word_1_262' title='bbox 1959 4069 2037 4149; x_wconf 46' lang='lat' dir='ltr'><strong>De·</strong></span> <span class='ocrx_word' id='word_1_263' title='bbox 2062 4066 2282 4130; x_wconf 49' lang='lat' dir='ltr'><strong>Causa]</strong></span> <span class='ocrx_word' id='word_1_264' title='bbox 2315 4066 2526 4128; x_wconf 85' lang='lat' dir='ltr'><strong>Seneca,</strong></span> <span class='ocrx_word' id='word_1_265' title='bbox 2564 4066 2781 4117; x_wconf 80' lang='lat' dir='ltr'><strong>Contro-</strong></span> <span class='ocrx_word' id='word_1_266' title='bbox 2824 4108 2835 4121; x_wconf 53' lang='lat'>„</span> 
     </span>
     <span class='ocr_line' id='line_1_36' title="bbox 870 4140 2150 4216; baseline -0.013 -1"><span class='ocrx_word' id='word_1_267' title='bbox 870 4167 1015 4215; x_wconf 90' lang='lat' dir='ltr'><strong>Book</strong></span> <span class='ocrx_word' id='word_1_268' title='bbox 1038 4166 1096 4215; x_wconf 84' lang='lat' dir='ltr'><strong>of</strong></span> <span class='ocrx_word' id='word_1_269' title='bbox 1110 4167 1338 4215; x_wconf 82' lang='lat' dir='ltr'><strong>Wisdom</strong></span> <span class='ocrx_word' id='word_1_270' title='bbox 1363 4180 1399 4215; x_wconf 89' lang='lat'><strong>1.</strong></span> <span class='ocrx_word' id='word_1_271' title='bbox 1424 4172 1472 4216; x_wconf 80' lang='lat'><strong>4.</strong></span> <span class='ocrx_word' id='word_1_272' title='bbox 1849 4154 1977 4189; x_wconf 56' lang='lat'><strong>*⁶¹⁶⁸-</strong></span> <span class='ocrx_word' id='word_1_273' title='bbox 1999 4140 2089 4190; x_wconf 90' lang='lat' dir='ltr'><strong>hb.</strong></span> <span class='ocrx_word' id='word_1_274' title='bbox 2114 4152 2150 4187; x_wconf 88' lang='lat'><strong>1·</strong></span> 
     </span>
    </p>
   </div>
   <div class='ocr_carea' id='block_1_6' title="bbox 867 4229 2780 4369">
    <p class='ocr_par' dir='ltr' id='par_1_8' title="bbox 867 4229 2780 4369">
     <span class='ocr_line' id='line_1_37' title="bbox 939 4229 2780 4297; baseline -0.002 -11"><span class='ocrx_word' id='word_1_275' title='bbox 939 4235 957 4263; x_wconf 91' lang='lat'><strong>⁴</strong></span> <span class='ocrx_word' id='word_1_276' title='bbox 979 4237 1110 4286; x_wconf 83' lang='lat' dir='ltr'><strong>Filii</strong></span> <span class='ocrx_word' id='word_1_277' title='bbox 1125 4236 1267 4297; x_wconf 58' lang='lat' dir='ltr'><strong>huius</strong></span> <span class='ocrx_word' id='word_1_278' title='bbox 1287 4237 1434 4285; x_wconf 73' lang='lat' dir='ltr'><strong>seculi</strong></span> <span class='ocrx_word' id='word_1_279' title='bbox 1471 4272 1483 4286; x_wconf 93' lang='lat'><strong><em>.</em></strong></span> <span class='ocrx_word' id='word_1_280' title='bbox 1514 4273 1525 4285; x_wconf 88' lang='lat'><strong><em>.</em></strong></span> <span class='ocrx_word' id='word_1_281' title='bbox 1554 4270 1567 4286; x_wconf 87' lang='lat'><strong><em>.</em></strong></span> <span class='ocrx_word' id='word_1_282' title='bbox 1588 4251 1795 4297; x_wconf 81' lang='lat' dir='ltr'><strong>genera·</strong></span> <span class='ocrx_word' id='word_1_283' title='bbox 1916 4229 1937 4261; x_wconf 92' lang='lat'>⁷</span> <span class='ocrx_word' id='word_1_284' title='bbox 1961 4230 2357 4293; x_wconf 59' lang='lat' dir='ltr'><strong>Rea-ludendam]</strong></span> <span class='ocrx_word' id='word_1_285' title='bbox 2407 4230 2473 4281; x_wconf 76' lang='lat' dir='ltr'><strong>A.</strong></span> <span class='ocrx_word' id='word_1_286' title='bbox 2502 4231 2558 4280; x_wconf 79' lang='lat' dir='ltr'><strong>S.</strong></span> <span class='ocrx_word' id='word_1_287' title='bbox 2584 4232 2649 4281; x_wconf 84' lang='lat' dir='ltr'><strong>E.</strong></span> <span class='ocrx_word' id='word_1_288' title='bbox 2680 4232 2780 4292; x_wconf 80' lang='lat' dir='ltr'><strong>L.;</strong></span> 
     </span>
     <span class='ocr_line' id='line_1_38' title="bbox 867 4301 2421 4369; baseline -0.001 -15"><span class='ocrx_word' id='word_1_289' title='bbox 867 4307 995 4356; x_wconf 82' lang='lat' dir='ltr'><strong>tione</strong></span> <span class='ocrx_word' id='word_1_290' title='bbox 1015 4322 1103 4355; x_wconf 77' lang='lat' dir='ltr'><strong>sua</strong></span> <span class='ocrx_word' id='word_1_291' title='bbox 1125 4306 1281 4369; x_wconf 52' lang='lat' dir='ltr'><strong>sunt]</strong></span> <span class='ocrx_word' id='word_1_292' title='bbox 1317 4307 1464 4356; x_wconf 86' lang='lat' dir='ltr'><strong>Luke</strong></span> <span class='ocrx_word' id='word_1_293' title='bbox 1488 4319 1597 4356; x_wconf 86' lang='lat' dir='ltr'><strong>xv1.</strong></span> <span class='ocrx_word' id='word_1_294' title='bbox 1622 4312 1669 4356; x_wconf 88' lang='grc'><strong>8.</strong></span> <span class='ocrx_word' id='word_1_295' title='bbox 1846 4301 2227 4364; x_wconf 80' lang='lat' dir='ltr'><strong>enucleandam,</strong></span> <span class='ocrx_word' id='word_1_296' title='bbox 2248 4301 2318 4350; x_wconf 90' lang='lat' dir='ltr'><strong>D.</strong></span> <span class='ocrx_word' id='word_1_297' title='bbox 2342 4301 2421 4352; x_wconf 81' lang='lat' dir='ltr'><strong>M.</strong></span> 
     </span>
    </p>
   </div>
  </div>
 </body>
</html>
