3023 5045
840 500 972 563 254
1274 515 1501 563 esss'rA
1550 516 1804 563 1111011111
1853 516 2281 565 Ano-nonum.
2459 502 2629 583 [mn.
2673 516 2750 565 11.

842 672 1031 751 fecit,
1062 680 1142 738 ut
1170 674 1343 739 nihil
1368 675 1598 739 carius
1626 675 1698 739 in
1727 674 1876 740 vita
1905 694 2036 739 sua
2063 681 2225 758 post
2250 673 2402 738 haec
2434 666 2752 738 ¹haberet

842 794 1051 856 quam
1074 774 1405 859 juvenem
1447 776 1683 856 illum3
1735 775 2083 861 tyrannici
2110 774 2276 838 facti
2311 773 2644 837 offensam
2677 774 2750 837 in

840 882 1110 957 patrem
1156 875 1528 940 sedulitate
1573 876 1770 958 regia
1815 876 1889 939 in
1931 875 2146 938 filium
2192 875 2530 938 allevans.
2637 872 2746 937 Ob

838 974 1027 1038 illius
1072 976 1351 1039 sceleris
1404 976 1876 1059 expiationem
1920 976 2173 1039 ibidem
2229 974 2750 1051 monasterium,

838 1076 928 1138 ab
948 1074 1215 1140 Elfrida
1235 1075 1675 1154 aedificatum,
1703 1074 2331 1141 sanctimonialium
2359 1073 2752 1157 frequentia

834 1174 1282 1240 inhabitatur.

941 1275 977 1358 ξ
1018 1274 1170 1341 158.
1241 1274 1432 1339 Huic
1492 1274 1815 1357 exemplo
1869 1272 2299 1339 crudelitatis
2359 1273 2754 1358 adjungunt

837 1374 1026 1439 aliud
1094 1374 1421 1439 libidinis.
1555 1374 1872 1457 Virginis
1930 1374 2087 1437 Deo
2145 1372 2396 1437 dicatae
2452 1374 2745 1438 audiens

836 1474 1438 1556 pulchritudinem,
1470 1474 1810 1539 violenter
1837 1494 1990 1538 eam
2039 1494 2086 1537 a
2118 1474 2538 1538 monasterio
2584 1474 2745 1537 abs-

838 1575 1082 1653 traxit,
1130 1578 1502 1641 abstractae
1543 1574 1878 1657 pudorem
1924 1574 2180 1656 rapuit,
2229 1580 2301 1639 et
2347 1592 2490 1637 non
2532 1574 2746 1638 semel

837 1674 1041 1738 thoro
1095 1694 1221 1740 suo
1278 1675 1670 1740 collocavit.
1807 1672 2013 1754 Quod
2077 1693 2234 1737 cum
2296 1692 2499 1737 aures
2557 1674 2748 1737 beati

840 1775 1197 1839 Dunstani
1257 1774 1680 1853 offendisset,
1737 1774 2178 1839 vehementer
2229 1773 2318 1837 ab
2377 1794 2461 1836 eo
2522 1773 2748 1837 incre-

837 1882 1069 1957 patuS,
1134 1869 1572 1958 ²septennem
1632 1873 2116 1959 poenitentiam
2177 1892 2318 1937 non
2374 1872 2742 1951 fastidivit,

836 1975 1165 2056 dignatus
1209 1996 1335 2039 rex
1380 1974 1596 2057 affligi
1627 1975 1925 2060 jejunio,
1969 1974 2312 2056 simulque
2355 1973 2750 2037 diademate

838 2094 1073 2139 carere
1099 2076 1485 2158 septennio.

942 2174 979 2257 ξ
1030 2176 1175 2239 159.
1264 2174 1656 2258 Subjiciunt
1703 2174 2008 2250 tertium,
2057 2174 2132 2236 in
2183 2192 2322 2256 quo
2378 2179 2752 2255 utrumque

837 2282 1175 2357 appareat
1188 2276 1457 2341 vitium.
1527 2273 1714 2351 Rex,
1735 2274 2082 2356 inquiunt,
2112 2273 2434 2354 Edgarus
2461 2274 2749 2337 veniens

840 2372 1305 2451 Andeveram,
1336 2375 1455 2458 qui
1486 2384 1595 2438 est
1623 2374 1818 2438 vicus
1863 2394 2004 2438 non
2047 2374 2254 2454 longe
2283 2392 2328 2435 a
2356 2372 2747 2452 wintonia,

838 2476 1197 2560 cujusdam
1230 2476 1423 2541 ducis
1449 2474 1690 2552 filiam,
1727 2472 1929 2558 cujus
1971 2473 2214 2539 formae
2259 2471 2446 2538 fama
2470 2492 2748 2557 percre-

836 2576 1107 2653 buerat,
1167 2576 1417 2641 adduci
1474 2575 1828 2659 praecepit.
1961 2574 2195 2638 Mater
2249 2574 2528 2657 puellae,
2587 2595 2747 2656 quae

838 2677 1371 2741 concubinatum
1397 2675 1562 2740 filiae
1591 2675 2105 2756 dedignaretur,
2125 2675 2476 2752 ancillam,
2501 2675 2752 2760 adjuta

840 2776 1065 2840 noctis
1096 2776 1425 2853 tenebriS,
1452 2774 1664 2840 cubili
1691 2775 2042 2857 apposuit,
2056 2775 2398 2856 virginem
2424 2793 2594 2839 sane
2624 2796 2753 2840 nec

838 2875 1303 2959 inelegantem
1345 2897 1472 2941 nec
1507 2875 1881 2958 illepidam.
1998 2875 2301 2940 Evoluta
2331 2882 2559 2954 nocte,
2590 2895 2751 2940 cum

840 2995 1093 3042 aurora
1163 2977 1237 3040 in
1309 2978 1534 3041 lucem
1602 2981 2104 3058 prorumperet,
2175 2974 2424 3038 mulier
2495 2984 2756 3041 conata

840 3095 1147 3158 surgere,
1190 3077 1760 3159 interrogataque
1806 3074 1974 3157 quid
2019 3073 2406 3152 festinaret,
2451 3075 2542 3138 ad
2573 3096 2754 3160 opus

840 3171 1260 3241 cotidianum
1348 3177 1644 3241 dominae
1724 3175 2254 3258 persolvendum
2343 3177 2749 3258 respondit:

844 3295 1031 3357 aegre
1091 3277 1254 3341 licet
1310 3283 1584 3340 retenta
1641 3275 1826 3357 regis
1903 3275 2194 3357 genibus
2270 3294 2480 3358 super
2555 3285 2750 3342 statu

839 3377 1270 3440 miseriarum
1320 3396 1601 3442 suarum
1649 3377 1994 3458 applorat,
2039 3395 2167 3459 pro
2216 3375 2532 3440 mercede
2585 3399 2749 3442 con-

842 3477 1033 3540 nubii
1094 3478 1409 3541 redderet
1468 3477 2018 3558 ingenuitatem3
2083 3475 2325 3541 decere
2378 3479 2742 3558 magnani-

840 3577 1150 3641 mitatem
1222 3577 1396 3661 ejuS,
1460 3586 1541 3640 ut
1588 3576 1800 3658 regiae
1861 3576 2239 3659 voluptatis
2284 3578 2566 3640 conscia
2621 3577 2739 3642 do-

840 3677 1182 3741 minorum
1242 3677 1621 3740 crudelium
1692 3677 1984 3740 ulterius
2053 3696 2194 3741 non
2265 3677 2745 3757 ingemisceret

840 3775 1151 3860 imperia.
1230 3776 1429 3842 Tunc
1452 3777 1596 3854 ille,
1624 3776 1785 3840 felle
1815 3784 2183 3854 commoto,
2213 3784 2286 3841 et
2313 3776 2740 3842 formidabile

835 4035 846 4040 “
912 4033 928 4063 ¹
954 4035 1221 4098 Haberet]
1257 4034 1315 4084 S.
1344 4035 1405 4084 C.
1434 4033 1505 4084 D.
1543 4035 1641 4096 E.;
1674 4049 1764 4082 rex
1817 4031 1899 4082 his
1933 4036 2022 4081 not
2041 4031 2233 4094 having
2256 4032 2386 4081 been
2407 4035 2646 4083 crowned
2665 4035 2738 4082 till

840 4105 1067 4167 haberet,
1087 4104 1155 4154 A.
1179 4105 1242 4154 L.
1817 4102 1999 4152 within
2035 4107 2139 4151 two
2177 4116 2327 4164 years
2371 4102 2431 4152 of
2460 4103 2542 4152 his
2576 4105 2735 4154 death.

911 4173 933 4201 ²
968 4174 1257 4238 Septennem
1310 4209 1321 4223 .
1365 4209 1377 4224 .
1414 4207 1429 4222 .
1468 4173 1762 4237 septennia]
1815 4172 2056 4239 (Sharpe,
2099 4187 2152 4233 p.
2192 4169 2332 4235 186.)
2391 4174 2601 4237 Eadgar
2634 4167 2737 4224 w’as

838 4245 965 4292 This
987 4259 1149 4306 seems
1170 4249 1223 4293 to
1244 4244 1373 4293 have
1394 4244 1524 4292 been
1540 4242 1763 4318 founded
1815 4242 2054 4297 crowned
2087 4243 2230 4293 A.D.
2267 4246 2383 4292 973.
2417 4243 2516 4293 See
2558 4249 2667 4294 note
2697 4242 2740 4306 ⁴,

840 4329 905 4363 on
942 4314 1027 4363 the
1060 4314 1290 4376 singular
1310 4314 1678 4364 circumstance
1713 4313 1771 4362 of
1815 4330 1868 4376 p.
1893 4316 2008 4363 248.
