3023 5045
845 491 979 557 258
1304 508 1532 556 cns'm
1580 508 1834 556 nucum
1882 506 2313 559 ANcLoRUM.
2471 492 2647 575 [Lm.
2678 507 2760 553 ιι.

850 664 1285 731 Wintoniam
1331 672 1640 730 ventum.
1747 664 1926 745 Quis
1973 665 2070 731 ibi
2125 666 2334 731 fuerit
2395 665 2552 729 finis
2611 684 2763 729 cer-

852 766 1133 829 taminis
1199 760 1389 831 ¹aliae
1435 757 1666 832 'literae
1715 767 1990 845 docent,
2047 760 2072 799 ²
2086 766 2522 832 Dominicam
2581 766 2758 829 ima-

854 865 1086 949 ginem
1116 886 1445 949 expresse
1492 868 1796 933 locutam
1851 868 2137 933 clericos
2185 886 2559 949 eorumque
2607 866 2765 931 fau-

855 974 1043 1030 tores
1076 966 1509 1033 confudisse:
1559 968 1706 1045 sed,
1754 966 1978 1031 adhuc
2007 987 2148 1032 non
2187 968 2448 1032 sedatis
2487 967 2766 1045 animis,

859 1065 1100 1131 Calnae
1131 1068 1499 1132 concilium
1517 1067 1850 1132 indictum
1878 1088 1896 1149 ;
1943 1068 2062 1132 ubi
2089 1088 2246 1133 cum
2274 1068 2346 1132 in
2378 1068 2765 1145 coenaculo,

860 1167 1146 1232 absente
1190 1176 1473 1252 propter
1525 1175 1804 1233 aetatem
1853 1188 2041 1251 rege,
2091 1168 2608 1233 considentibus
2656 1175 2767 1231 to-

859 1268 999 1332 tius
1026 1266 1306 1349 Angliae
1344 1269 1788 1334 'senatoribus
1829 1288 2086 1351 magno
2131 1268 2458 1333 conflictu
2497 1276 2571 1333 et
2599 1288 2770 1333 con-

858 1368 1202 1432 troversia
1234 1388 1347 1433 res
1384 1377 1732 1452 ageretur,
1769 1376 1840 1433 et
1871 1369 2372 1434 validissimum
2407 1369 2608 1432 illum
2650 1388 2764 1432 ec-

862 1468 1093 1532 clesiae
1137 1489 1432 1547 murum,
1477 1471 1928 1534 Dunstanum
1970 1470 2150 1548 dico,
2189 1470 2564 1533 multorum
2599 1488 2767 1533 con-

865 1568 1189 1633 vitiorum
1232 1569 1471 1653 jacula
1515 1571 1952 1654 impeterent,
1991 1590 2120 1635 nec
2163 1576 2554 1653 quaterent,
2601 1586 2766 1633 suas

866 1675 1101 1751 partes
1148 1670 1485 1754 cujusque
1530 1670 1792 1735 ordinis
1839 1669 2008 1735 viris
2051 1689 2321 1734 summo
2366 1668 2599 1733 studio
2656 1677 2768 1733 tu—

866 1770 1164 1848 entibuS,
1210 1771 1539 1835 solarium
1584 1773 1810 1835 totum
1859 1778 2142 1854 repente
2187 1790 2342 1834 cum
2399 1771 2653 1834 axibus
2703 1777 2775 1833 et

866 1870 1177 1934 trabibus
1222 1870 1522 1937 dissiluit
1569 1878 1640 1935 et
1683 1870 2007 1935 concidit.
2113 1870 2451 1935 Omnibus
2501 1870 2592 1933 ad
2635 1876 2773 1934 ter-

866 1988 1016 2033 ram
1066 1970 1277 2049 elisis,
1330 1972 1520 2036 solus
1575 1970 2011 2050 DunstanuS,
2055 1976 2254 2035 stans
2302 1989 2513 2053 super
2559 1988 2774 2034 unam

868 2071 1135 2133 trabem
1181 2091 1338 2153 quae
1380 2079 1731 2155 superstes
1760 2079 1935 2150 erat,
1967 2073 2182 2155 probe
2198 2071 2431 2136 evasit
2460 2090 2479 2151 3
2526 2068 2780 2154 reliqui

868 2170 982 2235 vel
1033 2173 1437 2251 exanimati,
1498 2173 1612 2237 vel
1654 2171 1972 2256 perpetui
2025 2172 2382 2255 languoris
2445 2172 2779 2253 compede

868 2270 1156 2336 detenti.
1260 2272 1421 2338 Hoc
1448 2272 1857 2337 miraculum
1897 2271 2417 2356 archiepiscopo
2461 2270 2782 2337 exhibuit

870 2389 1111 2453 pacem
1150 2373 1237 2437 de
1273 2373 1565 2451 clericis,
1603 2373 1922 2437 omnibus
1953 2370 2208 2455 Anglis
2251 2379 2421 2437 tunc
2463 2378 2538 2437 et
2582 2371 2778 2436 dein-

795 2506 801 2512 ·
868 2490 1034 2555 ceps
1063 2472 1138 2537 in
1169 2473 1320 2558 ejus
1347 2474 1765 2540 sententiam
1795 2472 2356 2539 concedentibus-

972 2572 1009 2655 ξ
1038 2573 1192 2638 162.
1268 2574 1550 2640 Interea
1589 2595 1717 2639 rex
1764 2574 2147 2639 Edwardus
2190 2574 2477 2639 fratrem
2517 2592 2773 2656 pueru-

868 2673 1012 2736 lum
1056 2680 1129 2737 et
1170 2694 1540 2740 novercam
1584 2677 1846 2758 pietate
1888 2693 2199 2756 congrua
2242 2675 2494 2752 colere,
2546 2675 2775 2738 solum

868 2792 1118 2837 nomen
1162 2775 1348 2856 regis
1393 2775 1672 2854 habere,
1719 2776 1860 2839 illis
1897 2781 2153 2839 caetera
2194 2775 2619 2858 permittere,
2649 2794 2774 2857 pa-

868 2881 1086 2938 ternae
1135 2875 1489 2957 religionis
1534 2877 1836 2958 vestigia
1893 2877 2152 2953 rimari,
2211 2874 2411 2940 bonis
2468 2874 2778 2939 consiliis

870 2993 1107 3038 aurem
1138 2983 1210 3039 et
1247 2977 1552 3040 animum
1597 2975 2160 3041 accommodare:
2213 2983 2290 3040 at
2333 2974 2607 3052 mulier,
2651 2995 2775 3038 no-

868 3075 1129 3138 vercali
1192 3075 1352 3140 odio
1410 3077 1766 3162 vipereum
1811 3077 2046 3142 dolum
2103 3076 2460 3140 ruminans
2516 3081 2602 3140 ut
2651 3095 2776 3138 nec

871 3193 1121 3238 nomen
1146 3177 1330 3258 regis
1360 3176 1499 3240 filio
1523 3177 1818 3254 deesset,
1839 3176 2124 3241 insidias
2147 3177 2467 3259 privigno
2484 3181 2777 3252 struere,

870 3293 1046 3355 quas
1084 3274 1232 3364 'hoc
1267 3277 1471 3341 modo
1507 3277 2034 3342 consummavit.
2122 3276 2384 3340 Lassus
2409 3276 2780 3340 venatione

873 3376 1349 3440 revertebatur
1400 3384 1684 3462 propter
1729 3378 2038 3441 laborem
2091 3377 2209 3442 siti
2257 3375 2595 3455 anhelus;
2665 3395 2777 3439 co-

872 3475 1097 3551 miteS,
1132 3495 1269 3557 quo
1318 3497 1660 3560 quemque
1702 3497 1904 3542 casus
1939 3477 2217 3554 tulerat,
2251 3495 2458 3540 canes
2494 3494 2776 3540 consec-

872 3677 1035 3726 There
1070 3691 1307 3739 appears,
1342 3679 1596 3741 however,
1638 3683 1690 3727 to
1733 3680 1798 3728 be
1931 3675 1953 3707 ²
2009 3677 2320 3726 Dominicam
2375 3677 2642 3740 imaginem
2694 3691 2777 3724 ex-

874 3762 939 3796 no
982 3749 1142 3797 doubt
1198 3747 1309 3796 that
1354 3748 1441 3797 the
1490 3750 1692 3798 council
1746 3751 1806 3798 of
1847 3763 2010 3810 presse
2041 3748 2292 3812 locutam]
2342 3747 2482 3796 Ecce
2518 3747 2771 3798 Dominici

876 3817 1038 3867 Galne
1060 3833 1169 3867 was
1191 3818 1375 3868 holden
1397 3818 1451 3867 in
1471 3823 1590 3880 978,
1613 3819 1800 3882 during
1851 3819 2076 3880 corporis
2096 3817 2276 3879 forma,
2296 3817 2486 3866 vexillo
2506 3819 2676 3868 crucis
2699 3818 2772 3865 in-

874 3887 960 3936 the
996 3887 1087 3936 life
1108 3887 1166 3936 of
1183 3888 1443 3938 Eadward
1474 3888 1560 3937 the
1582 3889 1799 3951 Mai-tyr.
1851 3890 1972 3950 fixa,
1994 3893 2150 3951 atque
2171 3887 2415 3937 mediocri
2435 3887 2619 3938 ‘domus
2633 3891 2770 3950 parte

876 3957 1137 4022 Florence‚
1157 3957 1411 4023 however,
1432 3960 1635 4021 assigns
1667 3961 1710 4008 it
1747 3965 1800 4009 to
1849 3959 2036 4022 locata,
2067 3959 2316 4007 humanos
2355 3959 2644 4019 exprimens
2673 3971 2772 4006 mo-

876 4027 961 4076 the
956 4043 1109 4102 year
1128 4031 1243 4080 977.
1849 4029 1964 4092 dos,
1999 4029 2222 4078 omnium
2259 4041 2410 4077 voces
2449 4028 2771 4091 compescuit,

1851 4100 2056 4148 dicens.
2090 4098 2242 4148 Absit
2263 4098 2369 4160 hoc,
2403 4103 2461 4148 ut
2474 4098 2612 4164 fiat,·
2644 4097 2768 4146 absit

950 4165 966 4197 ¹
989 4167 1125 4216 Δῑίω
1146 4166 1305 4216 literoe
1333 4169 1544 4232 docent]
1585 4169 1680 4218 See
1705 4169 1806 4219 Os·
1851 4169 1955 4232 hoc,
1977 4169 2162 4234 utfiat.
2224 4167 2454 4218 Osbern.
2475 4169 2559 4218 De
2579 4169 2699 4216 Vita
2717 4167 2768 4217 S.

876 4238 1017 4286 bern.
1032 4237 1114 4286 De
1124 4235 1245 4286 Vita
1260 4238 1313 4288 S.
1327 4238 1603 4289 Dunstani.
1623 4239 1802 4308 (Angl.
1853 4205 2128 4290 Duhstani.
2161 4237 2342 4306 (Angl.
2381 4238 2524 4290 Sacr.
2557 4252 2675 4301 pars
2711 4250 2770 4286 11.

876 4309 1017 4358 Sacr.
1042 4321 1163 4368 pars
1187 4321 1245 4356 11.
1272 4323 1324 4368 p.
1352 4305 1490 4373 112.)
1853 4326 1905 4373 p.
1932 4307 2070 4374 112.)
