3023 5045
550 1570 612 1609 Ol·
624 1569 699 1609 the
712 1568 849 1619 origin

548 1622 599 1659 or
610 1620 781 1660 Aethel-

546 1670 657 1711 stan.

868 480 1001 549 222
1326 493 1557 543 cns'm
1603 492 1860 541 uncum
1909 492 2336 541 Artemam«.
2499 476 2672 558 [mn.
2713 492 2796 539 11.

872 656 1296 741 conscripsi:
1346 648 1365 687 ¹
1380 654 1748 739 sequentia
1789 655 2017 736 magis
2051 653 2420 718 cantilenis
2466 674 2592 737 per
2623 672 2792 717 suc-

872 760 1219 825 cessiones
1262 764 1654 838 temporum
1700 753 2002 832 detritis,
2029 774 2240 838 quam
2271 754 2472 819 libris
2515 754 2607 819 ad
2635 747 2659 785 ²
2675 755 2789 817 iu-

870 858 1288 927 structiones
1332 850 1830 938 ⁸posteriorum
1883 855 2331 932 elucubratis,
2395 854 2787 919 didicerim.

874 960 1054 1041 Quae
1105 958 1262 1023 ideo
1313 955 1634 1039 apposui,
1675 974 1818 1019 non
1858 962 1939 1019 ut
1973 974 2211 1020 earum
2244 956 2616 1019 veritatem
2656 955 2786 1018 de-

870 1060 1173 1136 fendam,
1218 1057 1341 1123 sed
1384 1076 1473 1123 ne
1515 1056 1853 1121 lectorum
1903 1055 2270 1121 scientiam
2323 1054 2780 1119 defraudem:

871 1181 955 1227 ac
982 1161 1279 1244 primum
1308 1156 1395 1221 de
1428 1156 1800 1223 nativitate
1832 1154 2287 1221 referendum.

974 1358 1068 1405 DE
1113 1356 1307 1405 oR'ru
1356 1352 1838 1414 ETHELSTANI,
1880 1353 1968 1400 ΕΤ
2009 1355 2104 1401 ΒΕ
2149 1356 2337 1403 REGE
2383 1355 2670 1405 EDWINI

1548 1452 1862 1503 FRATRIS
1907 1454 2107 1503 Esus·

976 1564 1198 1649 §1:39.
1245 1563 1419 1627 Erat
1484 1562 1559 1626 in
1626 1560 1928 1644 quadam
1977 1562 2150 1627 villa
2215 1562 2542 1647 opilionis
2610 1562 2788 1640 filia,

874 1666 1177 1748 eleganti
1206 1664 1437 1747 specie
1486 1661 1746 1745 puella,
1797 1681 1981 1745 quae,
2031 1662 2220 1745 quod
2267 1682 2408 1727 non
2439 1663 2784 1727 contulis-

874 1772 1031 1831 sent
1062 1765 1357 1842 nataleS,
1386 1762 1626 1827 formae
1645 1763 2086 1826 mercabatur
2107 1764 2362 1845 gratia.
2432 1762 2628 1826 Huic
2655 1782 2787 1845 per

874 1867 1101 1931 visum
1128 1870 1556 1928 monstratur
1599 1862 2020 1945 prodigium,
2062 1862 2301 1927 lunam
2325 1864 2414 1927 de
2445 1880 2576 1946 suo
2611 1883 2786 1929 ven-

874 1972 983 2029 tre
1041 1965 1428 2048 splendere,
1496 1970 1568 2027 et
1633 1962 1765 2026 hoc
1824 1961 2087 2027 lumine
2153 1970 2374 2027 totam
2443 1962 2786 2045 Angliam

876 2188 1105 2239 videntes
1138 2204 1373 2252 magnam
1402 2204 1559 2251 super
1591 2204 1683 2239 nos
1704 2190 1800 2238 mi·-
1852 2190 1906 2239 in
1927 2192 2146 2243 Francia
2180 2208 2565 2256 commoramur,
2603 2200 2666 2245 ut
2687 2211 2788 2245 uon

876 2260 1203 2309 sericordiam
1224 2262 1441 2309 vestram
1462 2274 1730 2323 apparere,
1745 2262 1798 2311 in
1851 2263 2009 2313 nostri
2043 2264 2380 2315 obliviscatur
2407 2270 2596 2315 vestrae
2619 2266 2790 2317 felici·

876 2331 1106 2392 psalmis,
1132 2334 1185 2379 et
1203 2330 1393 2392 missis,
1414 2334 1466 2379 et
1485 2332 1800 2380 orationibus
1849 2334 1971 2382 tatis
2007 2334 2312 2397 largissimae
2349 2350 2539 2399 magna
2583 2337 2791 2387 miseri—

876 2400 1081 2463 nostris,
1114 2400 1265 2461 quasi
1297 2400 1593 2463 pervolutus
1615 2415 1710 2464 ego
1749 2405 1801 2450 et
1848 2404 2076 2453 cordia.”
2100 2406 2234 2455 Haec
2246 2406 2481 2468 epistola.
2505 2406 2790 2469 Caeterum,

874 2468 1145 2521 duodecim
1178 2471 1409 2521 canonici
1444 2472 1548 2519 mei
1569 2472 1801 2534 genubus
1850 2487 1942 2524 rex
1979 2476 2222 2539 reliquias
2243 2477 2382 2528 beati
2407 2478 2622 2528 Paterni
2645 2478 2788 2528 Mal-

876 2543 1061 2592 nostris
1118 2542 1413 2603 fuissemus,
1461 2543 1800 2604 promittimus
1850 2547 2123 2610 mesbiriae,
2158 2550 2469 2612 reliquorum
2491 2549 2788 2599 Mideltune

880 2611 1050 2660 Deum
1063 2613 1355 2661 clementem
1372 2627 1514 2661 orare
1530 2627 1622 2674 pro
1639 2613 1800 2662 vobis.
1851 2617 2236 2680 commendavit,
2279 2615 2381 2680 q‘uo
2434 2620 2537 2669 loci
2583 2635 2788 2669 monas-

880 2681 951 2730 Et
961 2683 1109 2731 modo
1120 2682 1381 2743 reliquias,
1394 2697 1524 2744 quas
1538 2683 1682 2732 vobis
1697 2697 1802 2732 om·
1849 2687 2032 2736 terium
2048 2689 2432 2739 afundamenfis
2451 2690 2786 2752 procuderet.

882 2751 935 2800 ni
970 2758 1169 2802 terrena
1203 2753 1445 2814 superbia
1476 2752 1668 2802 scimus
1687 2767 1800 2802 esse
1849 2757 1994 2806 Tunc
2037 2760 2191 2821 enim,
2245 2764 2307 2809 ut
2359 2762 2604 2823 superius
2653 2762 2792 2823 dixi,

880 2823 1117 2884 cariores,
1136 2823 1417 2872 transmitto
1438 2823 1612 2884 vobis;
1636 2823 1691 2871 id
1705 2828 1803 2886 est,
1851 2828 2031 2888 piratis
2097 2830 2505 2881 Normannorum
2582 2847 2786 2882 omnem

879 2907 998 2942 ossa
1018 2894 1181 2942 sancti
1208 2893 1483 2954 Senatoris,
1515 2893 1677 2942 sancti
1700 2893 1803 2942 Pa·
1851 2913 1990 2948 oram
2012 2901 2195 2950 marini
2214 2900 2399 2962 litoris,
2432 2903 2590 2952 simul
2619 2907 2674 2952 et
2695 2919 2788 2952 ur-

879 2964 1027 3024 terni,
1072 2968 1227 3024 atque
1280 2963 1445 3012 sancti
1496 2963 1804 3012 Scubilionis
1853 2968 1944 3018 bes
1995 2985 2114 3031 quae
2171 2985 2327 3033 super
2381 2973 2608 3034 Ligerim
2663 2975 2785 3023 sitae
2879 2969 2895 2984 ⁰

878 3033 1106 3094 ejusdem
1124 3033 1333 3082 Paterni
1356 3031 1604 3095 magistri,
1625 3033 1715 3095 qui
1736 3034 1805 3082 si·
1853 3044 1988 3101 sunt,
2009 3041 2383 3103 infestantibus,
2403 3057 2620 3104 corpora
2634 3059 2789 3094 sanc·

880 3103 1067 3151 militer
1101 3117 1203 3151 uno
1238 3102 1323 3151 die
1353 3102 1634 3164 eademque
1679 3102 1804 3151 hora
1850 3113 2013 3158 torum
2038 3111 2102 3160 de
2125 3111 2392 3161 Britannia
2411 3113 2627 3176 Minori,
2647 3120 2701 3164 et
2722 3130 2788 3164 ea

878 3187 995 3220 cum
1018 3172 1309 3234 supradicto
1325 3172 1548 3222 Paterno
1568 3173 1808 3234 migravit
1852 3183 1996 3240 parte
2040 3181 2230 3232 Galliae
2275 3197 2393 3242 quae
2450 3197 2588 3233 nunc
2645 3185 2788 3233 Nor-

879 3241 949 3291 ad
963 3241 1240 3292 Christum.
1297 3241 1393 3290 Isti
1406 3243 1684 3292 certissime
1701 3243 1804 3292 duo
1851 3251 2055 3300 mannia
2088 3257 2316 3314 vocatur,
2335 3253 2602 3316 mnslata,
2639 3259 2691 3304 et
2713 3255 2786 3303 ad

879 3313 1045 3361 sancti
1073 3328 1189 3362 cum
1222 3315 1395 3360 sancto
1418 3313 1640 3362 Paterno
1670 3313 1804 3363 laeva
1850 3321 2038 3370 tutiora
2058 3322 2172 3370 loca
2191 3323 2382 3384 delata,
2397 3322 2552 3373 facile
2569 3324 2790 3374 cuilibet

878 3383 1159 3444 dextraque
1164 3383 1500 3444 jacueruntin
1517 3383 1804 3445 sepulchro3
1849 3405 1944 3452 pro
1995 3392 2214 3452 penuria
2260 3393 2550 3454 bajulorum
2593 3409 2786 3444 venum

880 3457 1033 3514 atque
1070 3453 1273 3502 illorum
1309 3452 1636 3502 solennitates
1671 3468 1803 3504 nono
1849 3462 2113 3524 patebant,
2142 3463 2424 3524 praesertim
2461 3464 2792 3527 Ethelstano‚

880 3521 1128 3572 kalendas
1166 3521 1423 3585 Octobris,
1460 3523 1596 3572 sicut
1625 3528 1680 3572 et
1700 3524 1803 3574 Pa·
1849 3533 1959 3593 regi
1979 3533 2328 3593 opinatissimo
2342 3537 2396 3582 et
2407 3534 2591 3583 talium
2611 3550 2788 3584 rerum

883 3593 1032 3655 terni,
1076 3594 1413 3643 celebrantur.
1482 3593 1669 3656 Igitur,
1710 3607 1802 3642 rex
1850 3597 2305 3663 appetentissimo)

880 3663 1804 3796 {1¹5⁰}3fflffi‘5133513353032:
1850 3693 2792 3832 mfgggffigammgffivg

880 3819 994 3885 vae,·
1021 3804 1164 3885 regni
1200 3803 1278 3852 tui
1321 3803 1607 3885 speculum,
1641 3803 1804 3886 totius
1851 3835 2205 3898 Mamesbury
2225 3837 2512 3899 frequently
2534 3838 2694 3887 refers
2731 3843 2788 3888 to
2845 3831 2856 3840 ’

880 3875 1119 3922 bomtatw
1176 3872 1487 3954 010m1>¹¹1¹3¹2
1529 3873 1804 3956 d¹⁸⁸¹P²F⁰¹
1850 3905 2110 3956 historical
2146 3907 2347 3958 banada
2380 3921 2440 3958 as
2477 3907 2566 3957 the
2599 3923 2788 3958 source

880 3944 1121 4005 hostium,
1139 3947 1285 4005 pater
1316 3942 1632 4004 clencorum,
1654 3944 1803 4007 adJu-
1850 3976 1911 4025 os
1923 3977 2004 4026 hie
2025 3977 2362 4029 information,

881 4018 959 4062 tor
1015 4014 1291 4076 egentium,
1344 4017 1538 4062 amator
1579 4014 1802 4062 omnium
2193 4071 2204 4082 ·

880 4088 1185 4144 sanctorum,
1206 4084 1461 4131 invocator
1488 4083 1803 4146 angelorum,
1920 4067 1942 4096 ²
1962 4071 2360 4153 ῙΜΐζἪθΐξθΜῶ]
2423 4069 2493 4120 Α·
2529 4073 2591 4121 c·
2619 4072 2686 4121 D·
2714 4073 2788 4122 Ε·

878 4154 1212 4214 deprecamur
1243 4156 1396 4213 atque
1432 4153 1690 4202 humiliter
1725 4154 1803 4202 in-
1851 4140 1947 4201 L.;
1981 4142 2342 4203 inssflmtlonffi,
2363 4141 2423 4192 S·

879 4236 1141 4284 vocamus,
1174 4223 1264 4283 qui
1299 4221 1352 4268 in
1373 4224 1585 4272 exulatu
1609 4227 1663 4273 et
1681 4239 1800 4286 cap-
1923 4222 1944 4252 ³
1965 4221 2344 4295 Posterior-um]
2371 4228 2430 4277 S.
2443 4229 2510 4278 E.
2522 4229 2585 4278 L.
2607 4244 2622 4289 ;
2659 4243 2790 4290 pos·-
2853 4227 2870 4242 ”

877 4292 1075 4342 tivitate
1096 4293 1279 4342 nostris
1300 4293 1492 4342 meritis
1506 4296 1559 4342 et
1579 4295 1803 4354 peccatis
1851 4298 2091 4358 terorum,
2113 4296 2180 4346 A.
2209 4299 2268 4348 G.
2294 4299 2365 4347 D.
2383 4298 2462 4348 M.
