3023 5045
820 473 953 539 240
1267 488 1497 537 casu
1545 488 1799 537 ancum
1849 488 2280 537 ANcLoRuM.
2449 472 2617 555 [mn.
2659 488 2740 535 ιι.

824 647 1122 731 replevit
1152 647 1508 715 monachis
1540 646 2000 730 regularibus
2069 640 2487 729 ¹Expulerat
2523 651 2736 709 antea

824 748 1049 831 regali
1068 747 1390 832 jussione
1422 746 1875 813 Adelwoldus
1908 747 2200 811 clericos
2235 746 2321 810 de
2343 745 2733 822 Wintonia,

825 850 947 931 qui
998 869 1181 927 cum,
1237 842 1443 913 ²data
1502 847 1637 913 sibi
1693 846 1978 931 optione
2023 854 2103 911 ut
2149 854 2272 910 aut
2317 846 2734 929 regulariter

824 949 1141 1014 viverent
1182 956 1307 1013 aut
1339 950 1495 1014 loco
1538 948 1883 1025 cederent,
1930 949 2154 1030 magis
2187 948 2407 1012 vitam
2451 946 2730 1011 mollem

824 1048 1223 1131 elegissent,
1265 1055 1433 1115 tunc
1481 1055 1636 1116 tota
1683 1048 1914 1112 insula
1959 1047 2242 1113 incertis
2289 1048 2734 1129 vagabantur

821 1150 1127 1214 sedibuS.
1255 1149 1375 1215 Ita
1420 1150 1529 1213 his
1583 1150 1806 1214 tribus
1858 1148 2025 1213 viris
2081 1148 2476 1231 agentibuS,
2528 1148 2733 1230 quasi

824 1250 1119 1314 triformi
1166 1250 1425 1315 lumine
1467 1246 1802 1332 Angliam
1850 1256 2240 1326 serenante,
2284 1248 2515 1312 densae
2562 1248 2730 1312 viti-

822 1370 1022 1414 orum
1077 1352 1380 1415 tenebrae
1411 1344 1815 1415 ³evanuere.
1918 1343 2120 1428 4Quo
2174 1349 2436 1413 factum
2479 1355 2611 1426 est,
2646 1357 2730 1413 ut

822 1450 1146 1533 Edgarus
1175 1450 1734 1517 Glastoniensem
1780 1449 2165 1527 ecclesiam,
2202 1468 2410 1532 quam
2455 1468 2731 1531 semper

821 1571 967 1634 prae
1044 1551 1362 1616 omnibus
1438 1551 1712 1628 dilexit,
1805 1550 2079 1633 magnis
2169 1550 2730 1633 possessionibus

820 1651 1319 1734 amplificaret;
1387 1658 1459 1716 et
1519 1652 1595 1715 in
1660 1651 2002 1728 omnibuS‚
2058 1669 2216 1732 quae
2271 1650 2361 1713 ad
2412 1650 2730 1714 ecclesiae

820 1750 1138 1816 decorem
1192 1752 1341 1818 sive
1383 1750 1760 1817 utilitatem
1811 1751 2187 1833 pertinent,
2242 1756 2386 1815 tam
2431 1750 2730 1822 interius

821 1871 1029 1934 quam
1096 1853 1407 1917 exterius
1468 1852 1890 1934 invigilaret.
2015 1849 2472 1932 Privilegium
2527 1870 2728 1928 sane,

820 1952 1006 2033 quod
1058 1952 1280 2017 eidem
1327 1954 1638 2017 ecclesiae
1689 1950 2010 2029 contulit,
2063 1950 2225 2015 huic
2275 1957 2535 2014 nostrae
2577 1950 2730 2015 his-

820 2052 1043 2130 toriae,
1084 2053 1269 2117 sicut
1311 2054 1386 2118 in
1430 2072 1668 2118 eorum
1715 2051 2006 2136 antiqua
2051 2052 2338 2116 scedula
2369 2042 2538 2134 legi,
2581 2072 2734 2119 non

819 2159 928 2217 est
970 2151 1345 2219 absurdum
1371 2155 1694 2218 inserere.

499 2268 703 2319 Eadgar’·
923 2252 1133 2337 §15st
1170 2260 1191 2289 ‘
1211 2249 1342 2318 ⁵In
1364 2253 1642 2319 nomine
1675 2253 1959 2320 Domini
1988 2256 2208 2320 nostri
2226 2256 2274 2321 J
2280 2276 2404 2321 esu
2436 2253 2730 2319 Christi.

498 2322 667 2359 charter
682 2325 727 2360 to

490 2372 777 2472 ffigonuury
818 2352 1160 2432 Quamvis
1212 2355 1491 2421 decreta
1551 2354 1956 2439 pontificum
2009 2364 2080 2421 et
2132 2359 2348 2422 verba
2397 2355 2731 2420 sacerdo-

886 2547 904 2582 ¹
931 2553 1210 2616 Expulerat
1234 2588 1248 2603 .
1274 2588 1288 2603 .
1316 2587 1329 2604 .
1353 2555 1411 2601 de
1441 2551 1742 2615 Wiutcmia]
1791 2565 1902 2614 rex,
1923 2552 2060 2602 filius
2079 2552 2374 2602 Aedmundi
2395 2552 2551 2614 regis,
2571 2553 2734 2614 cujus

813 2622 922 2671 The
945 2622 1145 2672 secular
1154 2624 1341 2684 priests
1353 2638 1489 2672 were
1504 2623 1744 2684 expelled
1793 2623 2019 2672 studium
2041 2623 2232 2673 divinis
2252 2623 2478 2672 cultibus
2516 2623 2732 2684 potissi-

814 2692 942 2742 from
963 2693 1049 2742 the
1072 2693 1158 2742 old
1179 2694 1388 2743 minster
1408 2697 1463 2743 at
1477 2694 1744 2743 Winches-
1791 2706 1929 2741 mum
1973 2693 2292 2756 invigilabat,
2345 2693 2416 2742 ad
2469 2698 2734 2742 monaste-

815 2767 894 2812 ter
914 2763 967 2811 in
988 2763 1074 2814 the
1096 2778 1221 2826 year
1250 2767 1367 2825 963,
1388 2765 1457 2826 by
1478 2764 1743 2815 command
1790 2763 1922 2811 rium
1958 2767 2148 2813 sanctae
2171 2764 2274 2814 Dei
2308 2764 2568 2826 genitricis
2603 2763 2732 2813 Ma-

816 2833 876 2882 of
914 2834 1054 2898 King
1100 2835 1325 2898 Eadgar.
1359 2834 1560 2901 (Thom.
1599 2835 1743 2884 Rud-
1791 2833 1882 2882 riae
1926 2835 1980 2882 in
2015 2833 2385 2897 Glestingebiri
2428 2833 2732 2895 frequenter

816 2905 991 2968 borne,
1034 2905 1267 2954 Historia
1309 2905 1481 2968 Major
1518 2905 1740 2956 winton.
1789 2903 2082 2968 adveniens,
2103 2909 2156 2954 et
2177 2904 2392 2954 eundem
2413 2905 2581 2953 locum
2613 2905 2728 2954 cla-

817 2974 973 3037 Angl.
996 2976 1137 3026 Sacr.
1160 2989 1280 3037 pars
1304 2989 1343 3025 1.
1366 2991 1419 3037 p.
1442 2971 1586 3038 218.)
1789 2973 1910 3023 riori
1951 2989 2059 3036 prae
2105 2976 2307 3025 caeteris
2344 2975 2594 3038 dignitate
2629 2990 2729 3025 ex-

888 3041 910 3071 2
930 3045 1067 3095 Data
1103 3046 1201 3096 sibi
1237 3046 1471 3109 optione]
1519 3045 1739 3096 Glossed
1788 3044 1962 3095 tollere
1995 3060 2192 3094 summo
2221 3047 2489 3095 elaborans
2525 3046 2728 3111 studio,

816 3115 870 3162 in
892 3116 955 3166 L.
978 3119 994 3144 ‘
1009 3130 1043 3165 a
1061 3132 1181 3181 rege
1203 3117 1435 3167 scilicet!
1637 3155 1643 3159 .
1787 3115 1938 3175 plura
2001 3117 2374 3178 admodumque
2445 3117 2727 3178 magnifica

886 3181 911 3215 ⁸
932 3181 1229 3256 Evomuere]
1253 3186 1321 3238 A.
1339 3187 1403 3238 L.
1418 3188 1544 3236 omit
1555 3187 1634 3236 all
1654 3187 1739 3236 the
1786 3186 2057 3250 privilegia
2078 3187 2308 3249 contulit,
2331 3189 2585 3237 communi
2609 3191 2726 3250 epi-

813 3257 923 3324 text
957 3256 1084 3304 from
1121 3258 1137 3286 ‘
1155 3258 1433 3308 evanuere’
1471 3263 1524 3307 to
1561 3255 1588 3323 ξ
1625 3262 1740 3320 152,
1787 3269 2071 3321 scoporum,
2114 3259 2374 3321 abbatum,
2416 3259 2726 3319 primorum-

812 3325 988 3375 ‘Tunc
1033 3327 1159 3375 ordo
1207 3330 1516 3378 monasticus
1534 3329 1568 3389 ;'
1610 3330 1653 3377 C
1690 3333 1736 3378 1.
1787 3341 1887 3387 que
1931 3329 2204 3390 provincias
2249 3329 2479 3387 consilio.
2571 3329 2722 3380 Quo-

812 3396 961 3446 omits
994 3397 1064 3445 all
1101 3402 1153 3447 to
1187 3398 1351 3463 §154‚
1373 3400 1607 3448 ‘Interea
1637 3414 1736 3448 non
1785 3411 1898 3446 rum
1935 3399 2152 3459 primum
2189 3405 2269 3448 est
2303 3405 2362 3449 ut
2395 3399 2575 3448 nullus
2615 3403 2720 3450 nisi

812 3465 1088 3518 indecens!
1785 3468 2014 3529 ejusdem
2056 3468 2156 3517 loci
2200 3469 2477 3519 monachus
2521 3471 2718 3522 ibidem

882 3534 905 3566 ⁴
930 3537 1242 3596 Quosactum
1262 3541 1336 3587 est
1360 3573 1374 3588 .
1398 3572 1413 3588 .
1440 3573 1454 3587 .
1479 3538 1732 3602 inserere]
1783 3536 2027 3601 fungatur
2049 3540 2248 3588 abbatis
2281 3541 2483 3589 nomine
2505 3542 2588 3590 vel
2612 3543 2722 3594 offi-

812 3606 872 3655 S.
900 3609 943 3656 C
958 3611 1008 3659 2.
1031 3608 1103 3658 D.
1127 3610 1192 3658 E.
1220 3609 1282 3658 F.
1308 3609 1379 3658 K.
1402 3609 1480 3658 M.
1783 3608 1897 3669 cio;
1929 3624 2023 3658 nec
2045 3610 2180 3659 alius
2205 3609 2307 3659 nisi
2341 3625 2495 3672 quem
2528 3625 2719 3663 secun-

880 3675 902 3704 ⁸
918 3678 981 3727 In
1002 3677 1191 3728 nonum
1211 3676 1455 3738 Domini]
1496 3679 1594 3728 See
1630 3678 1732 3728 this
1782 3678 1905 3727 dum
1926 3685 2147 3728 tenorem
2169 3680 2364 3743 regulae
2393 3684 2716 3733 concorditer

809 3747 1009 3798 chat-ter
1076 3748 1135 3799 of
1199 3749 1340 3812 King
1400 3748 1610 3811 Eadgar
1680 3749 1734 3798 in
1781 3749 1994 3812 elegerit
2012 3750 2191 3811 parilis
2224 3756 2504 3800 conventus
2539 3767 2718 3804 assen-

811 3818 1081 3869 Malmesb.
1120 3819 1203 3868 De
1225 3819 1545 3879 Antiquitate
1580 3817 1735 3868 Glas-
1782 3820 1875 3869 sio.
1950 3821 2102 3872 Quod
2149 3821 2195 3869 si
2227 3821 2440 3870 alterius
2477 3823 2582 3873 Ioci
2628 3825 2714 3875 ab·

807 3892 911 3938 ton.
952 3889 1216 3939 Ecclesiae.
1262 3888 1440 3956 (Gale,
1474 3901 1556 3938 111.
1592 3886 1732 3955 320.)
1781 3890 1949 3939 batem
1971 3891 2053 3939 vel
2074 3891 2375 3940 monachum
2407 3892 2578 3942 eidem
2600 3896 2710 3945 loco

806 3959 915 4008 The
952 3959 1070 4009 date
1103 3973 1163 4008 as
1208 3960 1249 4008 it
1284 3959 1424 4008 there
1468 3973 1648 4010 occurs
1686 3961 1732 4010 is
1782 3961 1974 4021 praefici
2011 3961 2288 4010 necessitas
2320 3961 2592 4026 ingruerit,
2612 3980 2708 4014 non

806 4029 947 4079 A.D.
971 4034 1087 4090 971,
1107 4029 1283 4079 indict.
1306 4043 1415 4080 xiv.
1781 4031 1938 4079 alium
1971 4031 2164 4080 assumi
2201 4033 2404 4082 censuit
2434 4035 2538 4082 nisi
2559 4050 2706 4096 quem

877 4100 1105 4150 Sections
1140 4104 1256 4162 150,
1281 4104 1370 4148 151
1397 4115 1553 4149 occur
1582 4100 1635 4148 in
1660 4100 1731 4151 D.
1781 4102 2106 4164 congregatio
2127 4101 2294 4164 ipsius
2315 4106 2612 4154 monasterii
2631 4120 2706 4154 se·

806 4169 874 4219 E.
916 4170 982 4219 F.
1022 4171 1131 4230 M.;
1179 4171 1387 4219 omitted
1423 4172 1476 4218 in
1516 4170 1574 4220 S.
1615 4172 1659 4218 C
1681 4175 1731 4222 2.
1780 4171 2005 4220 cundum
2038 4172 2264 4221 timorem
2297 4172 2404 4222 Dei
2436 4175 2538 4224 sibi
2572 4191 2702 4237 prae·

806 4241 877 4289 K.
893 4239 1063 4289 which
1080 4240 1203 4290 read
1218 4241 1461 4302 instead,‘
1474 4239 1729 4290 Gloriosae
1779 4256 1893 4291 esse
1922 4243 2165 4306 elegerit:
2199 4248 2369 4292 tamen
2396 4259 2462 4294 ne
2485 4244 2580 4294 hoc
2600 4247 2701 4307 fiat,

800 4311 1162 4362 recordationis
1180 4310 2046 4380 Edgarus,Anglorum,obse1-vato
2081 4313 2381 4363 omnimodis
2427 4316 2474 4364 si
2519 4316 2697 4366 ibidem
