3023 5045
476 1394 652 1434 Decline
669 1394 718 1434 or

474 1445 712 1486 Nerthum-

470 1496 576 1536 bria.

563 3107 703 3157 berht,

478 3160 534 3203 Δ.
581 3188 592 3200 .
613 3159 702 3201 827.

797 489 930 562 ’106
1244 508 1476 560 cusu
1505 506 1781 560 *lineum
1827 509 2258 564 Amnestum,
2456 501 2629 583 [mn.
2668 505 2725 566 ι’.

797 672 885 738 de
913 663 1326 738 infidelitate
1353 664 1583 755 gen'tis
1612 679 1685 737 et
1714 691 1883 738 nece
1914 670 2123 756 regist.
2230 673 2348 739 Ita
2381 663 2721 754 Karolus,

799 781 1100 838 retracta
1129 774 1466 838 donorum
1499 773 1855 857 largitate,
1900 773 1975 837 in
2008 780 2282 838 tantum
2331 776 2555 840 iratus
2604 785 2719 842 est

799 881 1044 939 contra
1076 881 1356 957 gentem
1391 875 1609 951 illam,
1654 881 1737 939 ut
1778 875 1903 952 ait,
1934 875 2267 958 perfidam
2315 882 2387 940 et
2434 896 2719 960 perver-

790 993 972 1053 sam,
1003 981 1074 1040 et
1123 975 1537 1040 homicidam
1583 975 2017 1040 dominorum
2064 995 2373 1055 suorum,
2404 977 2716 1061 pejorem

789 1095 952 1140 eam
1013 1076 1308 1159 paganis
1357 1077 1736 1154 aestimanS,
1788 1085 1892 1155 ut,
1936 1075 2069 1141 nisi
2106 1068 2249 1160 ‘ego
2299 1077 2719 1142 intercessor

789 1195 1021 1241 essem
1051 1197 1178 1261 pro
1207 1196 1313 1255 ea,
1345 1176 1671 1260 quicquid
1703 1177 1804 1241 eis
1849 1178 2012 1242 boni
2058 1177 2460 1243 abstrahere
2506 1185 2718 1262 potu-

798 1278 992 1354 isset,
1027 1285 1098 1342 et
1127 1279 1292 1341 mali
1325 1277 1731 1355 machinari,
1750 1277 1900 1362 jam
1935 1277 2262 1344 fecisset?

904 1377 1074 1462 §⁹73.
1135 1371 1154 1410 ¹
1170 1377 1347 1443 Post
1409 1378 1859 1443 Ethelredum
1940 1378 2174 1442 nullus
2250 1378 2339 1443 ad
2419 1397 2715 1461 regnum

799 1479 1172 1543 ascendere
1230 1497 1466 1557 ausuS,
1533 1479 1695 1542 dum
1738 1477 2033 1562 quisque
2082 1479 2516 1561 superiorum
2576 1478 2713 1543 sibi

801 1599 1039 1645 casum
1096 1580 1394 1658 timeret,
1447 1585 1520 1643 et
1576 1579 1721 1643 otio
1768 1578 2065 1661 inglorio
2110 1586 2307 1644 tutus
2359 1579 2713 1657 victitare,

801 1699 1012 1764 quam
1039 1680 1326 1763 ancipiti
1360 1680 1755 1744 discrimine
1790 1679 2132 1762 pendulus
2176 1699 2490 1762 regnare,
2534 1679 2716 1742 mal-

800 1780 944 1846 let:
1016 1780 1386 1864 plerosque
1429 1781 1613 1844 enim
1656 1800 1898 1862 regum
1957 1779 2029 1844 N
2032 1780 2713 1844 orthanhimbrorum

799 1881 1125 1946 familiari
1175 1901 1350 1964 pene
1398 1881 1618 1945 exitio
1651 1881 1870 1945 vitam
1903 1882 2155 1945 exisse.
2243 1879 2362 1946 Ita
2393 1887 2715 1945 cessante

801 1989 1068 2046 rectore
1119 2002 1244 2065 per
1290 1980 1581 2064 triginta
1623 1989 1765 2045 tres
1810 2000 2052 2059 annoS,
2096 1975 2491 2064 ”provincia
2537 1981 2715 2046 risui

802 2090 874 2148 et
933 2082 1190 2166 praedae
1247 2082 1559 2147 finitimis
1621 2081 1776 2146 fuit.
1899 2081 2254 2165 Siquidem
2316 2082 2437 2148 ubi
2497 2081 2715 2164 Dani,

803 2203 978 2267 quos
1035 2203 1126 2248 ex
1178 2183 1409 2248 verbis
1465 2180 1765 2247 Alcwini
1821 2182 1978 2247 loca
2040 2188 2440 2246 sanctorum
2486 2202 2715 2266 popu-

803 2285 986 2350 latos
1036 2284 1252 2349 fuisse
1305 2303 1521 2366 supra
1574 2283 2025 2361 ostendimuS,
2074 2283 2356 2347 domum
2388 2283 2716 2366 regressi,

803 2387 1073 2451 caeteris
1111 2385 1360 2452 insulae
1411 2385 1684 2470 copiam
1717 2383 2325 2467 habitatorumque
2355 2383 2716 2466 ignaviam

803 2488 1222 2553 nunciarunt
1253 2507 1270 2568 ;
1315 2484 1620 2563 barbari,
1664 2485 1918 2568 raptim
1952 2485 2368 2569 copioseque
2410 2484 2716 2549 insulam

802 2596 1141 2676 petentes,
1184 2588 1344 2651 illas
1391 2581 1500 2651 ³in
1548 2587 1621 2651 id
1670 2593 1945 2669 tempus
1973 2595 2209 2669 partes
2253 2605 2711 2679 occupavere.

805 2688 992 2753 Nam
1047 2696 1118 2754 et
1167 2708 1400 2771 regem
1453 2685 1692 2751 multis
1728 2687 1929 2751 annis
1981 2686 2285 2751 habuere
2329 2688 2717 2773 proprium,

804 2791 925 2872 qui
988 2797 1223 2854 tamen
1287 2789 1377 2853 ad
1443 2788 1631 2870 regis
1696 2786 2295 2853 west-Saxonum
2364 2794 2719 2870 spectaret

804 2890 1207 2971 arbitrium3
1280 2888 1654 2954 transactis
1713 2888 1896 2952 enim
1955 2887 2096 2951 illis
2146 2886 2439 2970 triginta
2489 2888 2719 2952 tribus

806 2991 1030 3069 annis,
1091 2991 1270 3054 hanc
1328 2989 1540 3054 etiam
1601 2989 1955 3071 regionem
2008 3008 2166 3051 cum
2213 2987 2483 3052 caeteris
2527 2988 2717 3053 obti-

784 3092 956 3155 ·nuit
990 3110 1116 3155 rex
1131 3084 1160 3122 4
1173 3090 1545 3172 EgbertuS,
1580 3108 1763 3154 anno
1795 3088 2181 3153 Dominicae
2214 3087 2717 3153 incarnationis

801 3192 1375 3274 octingentesimo
1418 3190 1749 3255 vicesimo
1808 3190 2130 3273 septime,
2180 3190 2379 3271 regni
2441 3190 2551 3253 sui
2605 3190 2721 3254 vi-

789 3292 1056 3357 cesimo
1089 3299 1380 3358 octavo:
1419 3291 1621 3376 cujus
1655 3290 1824 3373 quia
1850 3297 2126 3373 tempus
2148 3290 2533 3372 attigimus,
2556 3290 2717 3374 jam

783 3526 791 3535 ·
870 3501 886 3533 ¹
912 3506 1040 3553 Post
1081 3504 1398 3554 Ethelredum
1449 3503 1615 3551 nullus
1667 3502 1732 3549 ad
1781 3501 1868 3549 the
1894 3500 2142 3548 influence
2164 3497 2224 3547 of
2239 3496 2626 3561 Charlemagne,
2648 3498 2721 3549 he

792 3590 998 3639 reg-num
1037 3578 1290 3625 ascendere
1329 3573 1521 3637 ausum]
1587 3572 1735 3621 After
1782 3583 1894 3621 was
1909 3569 2135 3619 restored
2148 3573 2202 3617 to
2215 3568 2296 3618 his
2312 3568 2553 3631 kingdom
2569 3569 2720 3623 A.D.

783 3633 888 3697 'the
917 3647 1075 3697 death
1098 3646 1156 3695 of
1181 3643 1514 3696 Aethelberht
1539 3643 1592 3691 in
1614 3647 1731 3705 ⁷96,
1780 3646 1897 3701 808.
1942 3641 2038 3690 See
2053 3640 2256 3689 Simeon
2270 3639 2329 3689 of
2346 3639 2597 3703 Durham,
2612 3642 2719 3693 col.

796 3717 1036 3781 oswald,
1069 3732 1102 3767 a
1129 3715 1530 3767 Northumbrian
1563 3714 1730 3775 noble,
1784 3716 1898 3775 11⁷,
1932 3711 2035 3760 and
2068 3710 2351 3775 Eginhardi
2383 3710 2630 3776 Annales,
2659 3714 2722 3762 in

796 3801 908 3838 was
934 3788 1120 3839 chosen
1157 3793 1208 3837 to
1235 3786 1454 3837 succeed
1479 3784 1615 3833 him:
1663 3784 1728 3833 he
1782 3782 2078 3845 Duchesne,
2100 3786 2219 3833 tom.
2245 3794 2304 3832 11.
2329 3797 2381 3845 p.
2410 3785 2526 3832 255.

797 3859 916 3909 held
939 3860 1023 3909 the
1049 3859 1224 3908 throne
1249 3859 1340 3907 but
1359 3860 1727 3917 twenty-seven
1847 3851 1870 3881 ²
1889 3853 2199 3917 Provincia]
2252 3853 2324 3902 D.
2349 3854 2417 3901 E.
2441 3854 2520 3903 M.
2532 3866 2552 3914 3
2600 3866 2727 3916 pro-

796 3932 948 3994 days,
967 3930 1117 3979 when
1138 3930 1202 3979 he
1229 3943 1334 3978 was
1357 3926 1601 3995 deposed,
1622 3927 1725 3974 and
1774 3924 1943 3974 vincia
1961 3924 2070 3986 illa,
2090 3923 2159 3975 A.
2184 3924 2242 3974 S.
2269 3925 2330 3974 C.
2354 3922 2417 3972 L.

782 4000 896 4050 ·fled
925 4004 977 4051 to
1000 4000 1339 4063 Lindisfarne,
1359 3998 1530 4047 where
1552 3997 1616 4046 he
1639 3998 1726 4047 be·
1845 3992 1869 4026 ⁸
1893 3996 1999 4060 Im]
2048 3994 2121 4045 D.
2157 3996 2223 4046 E.
2264 3994 2375 4055 M.;
2428 4008 2595 4056 usque
2640 3994 2723 4060 in,

794 4085 938 4121 came
951 4072 1120 4123 abbot.
1152 4071 1260 4119 The
1273 4073 1596 4133 government
1606 4067 1725 4117 then
1776 4066 1844 4117 A.
1872 4066 1929 4116 S.
1959 4067 2019 4116 C.
2043 4065 2107 4116 L.

780 4142 1043 4191 ‘devolved
1071 4156 1135 4190 on
1167 4140 1438 4201 Earduulf,
1464 4139 1583 4188 who
1614 4152 1725 4189 was
1846 4136 1867 4166 ⁴
1888 4136 2156 4199 Egberim,
2176 4148 2301 4184 anno
2329 4132 2605 4184 Dominicae
2636 4136 2725 4185 in·

795 4213 1120 4262 consecrated
1143 4227 1206 4261 on
1233 4212 1318 4261 the
1339 4211 1462 4260 2⁷th
1489 4209 1550 4259 of
1577 4210 1723 4269 May.
1772 4206 2071 4257 carnationis
2085 4205 2478 4267 octingentesimo
2488 4204 2725 4256 vicesimo

777 4282 945 4332 -After
975 4297 1008 4331 a
1029 4282 1131 4332 few
1155 4281 1318 4345 years’
1348 4282 1492 4343 reign
1520 4280 1585 4329 he
1614 4294 1725 4328 was
1775 4278 1994 4342 septimo,
2013 4276 2157 4340 regni
2171 4276 2251 4325 sui
2266 4276 2490 4327 vicesimo
2504 4279 2724 4345 octavo-J

797 4354 906 4403 also
918 4353 1164 4404 banished
1179 4348 1506 4420 (A.D.soo);
1532 4350 1644 4414 but,
1655 4351 1726 4412 by
1777 4350 1873 4399 See
1895 4354 2010 4400 note
2033 4346 2073 4412 ⁸,
2093 4362 2146 4412 p.
2168 4350 2252 4397 60.
