3023 5045
807 508 939 575 242
1259 522 1487 571 ensi-A
1535 522 1790 571 ancum
1839 522 2269 571 suetonum.
2431 507 2606 587 [mn.
2641 520 2726 566 11.

812 688 1077 747 sanctae
1131 680 1265 745 Dei
1316 679 1630 745 ecclesiae
1682 678 1971 744 maculis
2018 679 2464 763 reproborum
2522 675 2726 740 dissi-

815 789 1025 865 patur
1070 788 1141 845 et
1191 780 1555 863 rumpitur.
1673 779 1938 844 Iccirco
1994 778 2430 862 profuturum
2486 796 2725 840 succe-

819 1050 975 1100 papa‚
1022 1036 1229 1100 gloriosi
1272 1037 1554 1100 Anglorum
1610 1037 1746 1098 regis
1797 1036 2046 1095 firmavit3
2098 1034 2376 1095 eodemque
2425 1048 2575 1094 anno,
2629 1031 2722 1093 qui

824 1107 1036 1169 Edgari,
1058 1120 1150 1156 nec
1180 1122 1281 1156 non
1300 1112 1354 1156 et
1374 1112 1566 1156 sanctae
1583 1106 1747 1155 Doro-
1797 1106 1896 1155 fuit
1929 1106 2342 1166 nongentesimus
2370 1103 2723 1165 sexagesimus

822 1179 1081 1227 vernensis
1102 1178 1335 1227 ecclesiae
1366 1174 1748 1238 archipraesulis
1796 1176 2006 1237 quintus
2028 1175 2313 1224 Dominicae
2346 1172 2725 1234 incarnationis,

825 1247 1105 1307 Dunstani‚
1125 1249 1377 1297 submisso
1398 1248 1636 1309 pulsatus
1669 1261 1750 1295 ro-
1797 1260 1936 1307 papa
1964 1246 1998 1296 J
2002 1245 2228 1295 ohannes
2266 1246 2441 1293 Romae
2479 1244 2532 1291 in
2571 1258 2724 1306 gene-

828 1320 950 1380 gatu
971 1332 1064 1379 pro
1084 1319 1387 1367 monasterio
1420 1320 1610 1367 sanctae
1635 1317 1750 1365 Ma·
1797 1315 1894 1365 rali
1930 1315 2124 1378 synodo
2158 1314 2516 1374 auctorizavit3
2569 1326 2728 1361 cunc·

826 1388 939 1449 rim,
951 1387 1191 1437 videlicet
1201 1388 1589 1449 Glastingebiri,
1612 1388 1749 1447 quod
1800 1390 1982 1446 tosque
2035 1386 2246 1447 potioris
2293 1384 2577 1447 dignitatis,
2629 1383 2723 1444 qui

828 1456 931 1518 ipsi
951 1458 1055 1507 acti
1084 1472 1253 1507 amore
1274 1459 1481 1519 superni
1504 1458 1664 1519 Regis
1697 1458 1750 1505 in
1798 1454 2114 1517 praefuerunt
2134 1456 2299 1503 eidem
2321 1455 2536 1503 concilio
2571 1467 2725 1516 gene-

827 1527 1003 1577 multis
1036 1532 1089 1576 et
1124 1529 1323 1591 magnis
1345 1527 1751 1590 possessionibus
1799 1525 1914 1589 tali,
1957 1540 2022 1574 ea
2063 1526 2383 1575 corroborare
2435 1524 2723 1585 imperavit.

826 1597 1133 1658 ditaverant,
1200 1598 1557 1647 monachorum
1623 1598 1752 1646 inibi
1801 1596 2128 1657 Pei-pendant
2180 1609 2302 1656 ergo
2356 1598 2724 1655 contemptores

830 1667 1225 1729 multiplicantes
1258 1682 1502 1729 normam,
1524 1681 1752 1730 praecep·
1797 1670 1954 1715 tantae
2024 1664 2462 1723 interminationis,
2514 1668 2722 1725 quantae

828 1742 981 1798 toque
1003 1738 1164 1799 regali
1185 1739 1520 1797 firmaverant,
1542 1737 1678 1799 quod
1700 1742 1751 1785 et
1799 1737 2097 1798 subjaceant
2132 1735 2394 1784 sententiae
2431 1748 2724 1783 excommu-

828 1805 940 1867 ipse
960 1806 1127 1856 facere
1158 1822 1259 1857 non
1290 1808 1538 1857 differam.
1611 1808 1751 1859 Quo-
1796 1806 2097 1855 nicationis:
2131 1810 2183 1854 et
2203 1805 2410 1866 quidem
2438 1806 2589 1854 beato
2612 1804 2722 1852 Pe-

828 1890 941 1925 rum
962 1878 1242 1927 assentiens
1254 1878 1486 1939 benignae
1500 1878 1752 1940 petitioni,
1797 1880 1876 1925 tro
1918 1876 2146 1937 apostolo
2199 1875 2420 1937 principi
2468 1874 2725 1935 apostolo-

829 1946 883 1994 in
904 1947 1020 1995 sinu
1041 1948 1283 1997 Romanae
1306 1948 1538 1997 ecclesiae
1561 1952 1614 1995 et
1633 1947 1751 1997 bea·
1797 1946 2172 2008 rum,Christus
2184 1945 2380 2007 ligandi
2393 1944 2726 2005 solvendique

828 2020 994 2065 torum
1048 2017 1386 2078 apostolorum
1441 2018 1750 2079 protectione
1798 2016 2430 2077 praesulatum,clavesque
2443 2016 2589 2076 reg-ni
2611 2026 2724 2062 coe·-

829 2087 1046 2136 eundem
1066 2088 1232 2136 locum
1260 2088 1505 2149 suscipio,
1525 2092 1578 2137 et
1597 2089 1752 2150 privi·
1797 2086 1980 2148 lorum,
1995 2086 2147 2137 simul
2157 2085 2386 2133 tradidit.
2410 2085 2612 2145 Cuique
2627 2099 2726 2133 au-

828 2154 979 2218 legiis
1010 2162 1183 2207 astruo
1218 2162 1273 2206 et
1304 2159 1601 2218 corroboro3
1649 2173 1751 2219 quo
1797 2160 1897 2205 tem
1941 2160 2140 2205 constat
2181 2156 2509 2217 perspicuum
2565 2159 2724 2215 atque

829 2226 927 2275 fine
958 2231 1125 2288 tenus,
1146 2229 1198 2275 in
1220 2242 1282 2277 eo
1302 2243 1403 2289 quo
1425 2242 1561 2276 nunc
1593 2229 1752 2289 pollet
1797 2226 2023 2287 evidens,
2045 2225 2182 2287 quod
2217 2224 2376 2286 hujus
2409 2225 2622 2285 apostoli
2649 2224 2728 2273 vi-

829 2301 1121 2355 permaneat
1202 2298 1483 2348 monachali
1553 2298 1747 2348 ordine.
1796 2296 1986 2358 carius,
2005 2296 2371 2358 potestatisque
2401 2295 2724 2356 potissimum

829 2365 1042 2426 Ipsique
1095 2367 1329 2415 monachi
1371 2367 1438 2416 de
1480 2368 1590 2416 suis
1650 2368 1748 2417 sibi
1795 2366 1863 2415 sit
1882 2366 2064 2428 haeres,
2078 2366 2322 2415 Romanae
2335 2366 2567 2415 ecclesiae
2589 2380 2728 2426 prae·

829 2435 1105 2484 adhibeant
1138 2441 1408 2497 pastorem.
1480 2436 1750 2487 Ordinatio
1797 2437 1986 2486 sidens.
2060 2436 2204 2484 Huic
2242 2440 2432 2484 sanctas
2462 2436 2722 2485 memoriae

828 2518 949 2555 vero
970 2510 1073 2555 tam
1096 2507 1452 2556 monachorum
1474 2520 1628 2568 quam
1651 2508 1754 2558 cle·
1796 2506 1830 2557 J
1834 2506 2056 2557 ohannes
2123 2505 2452 2556 laudabiliter
2511 2506 2728 2568 praefuit

827 2576 1046 2626 ricorum
1089 2577 1143 2625 in
1185 2577 1393 2626 arbitrio
1452 2578 1652 2627 abbatis
1699 2584 1752 2628 et
1799 2591 1894 2625 suo
1925 2581 2169 2639 tempore,
2203 2579 2262 2624 ut
2298 2576 2552 2637 hodieque
2580 2578 2726 2639 viget

827 2651 1103 2697 conventus
1124 2647 1207 2696 sit.
1243 2647 1578 2697 Decet-nimus
1598 2649 1750 2698 etiam
1799 2647 2019 2709 gloriosa
2058 2646 2422 2709 recordatione,
2459 2652 2726 2708 promotus

826 2719 887 2764 ut
905 2717 1034 2766 nulli
1055 2717 1255 2766 omnino
1266 2717 1524 2766 hominum
1539 2719 1750 2766 eandem
1798 2717 1866 2765 ad
1888 2717 1943 2764 id
1965 2717 2069 2766 Dei
2089 2717 2346 2778 totiusque
2369 2717 2549 2779 populi
2583 2717 2724 2766 elec-

826 2784 1045 2836 insulam
1060 2787 1338 2847 placitandi
1354 2801 1532 2848 causa,
1553 2788 1636 2837 vel
1659 2788 1751 2836 ali-
1798 2787 1952 2838 tione.
2023 2787 2078 2836 Si
2121 2801 2242 2848 ergo
2283 2785 2542 2835 decretum
2587 2788 2730 2837 beati

827 2857 953 2916 quid
992 2857 1137 2905 aliud
1173 2857 1245 2905 ibi
1278 2859 1628 2918 perscrutandi
1661 2863 1752 2907 aut
1801 2856 1944 2906 Petri
1965 2857 2182 2918 apostoli
2200 2860 2386 2918 ratum,
2405 2870 2728 2918 consequen-

827 2926 1129 2987 corrigendi,
1148 2927 1336 2975 intrare
1356 2926 1527 2976 liceat.
1561 2927 1617 2976 Si
1634 2929 1750 2988 quis
1799 2931 1876 2975 ter
1895 2932 1948 2976 et
1966 2927 2002 2976 J
2004 2927 2216 2976 ohannis
2236 2927 2504 2987 apostolici
2535 2933 2725 2976 ratum.

827 2998 996 3043 autem
1018 2996 1073 3044 id
1094 2996 1300 3045 molitus
1314 2995 1470 3044 fuerit
1484 2998 1751 3060 contraire,
1798 2995 1900 3045 Sed
1921 3011 2067 3045 nemo
2088 2996 2170 3046 vel
2191 2997 2397 3046 demens
2415 3001 2588 3046 ratum
2609 3012 2726 3047 esse

827 3070 919 3113 aut
950 3065 1293 3127 possessiones
1326 3067 1555 3129 ejusdem
1592 3067 1754 3116 eccle·
1800 3066 1945 3116 Petri
1994 3066 2211 3128 apostoli
2257 3067 2518 3115 decretum
2567 3068 2728 3117 dene-

829 3134 923 3182 siae
968 3135 1187 3196 auferre,
1229 3137 1462 3200 retinere,
1506 3137 1753 3200 minuere,
1800 3141 1920 3199 gat;
1961 3151 2107 3186 nemo
2149 3137 2308 3198 igitur
2350 3151 2491 3186 sanae
2541 3140 2728 3187 mentis

830 3204 913 3252 vel
949 3206 1231 3254 temerariis
1253 3207 1606 3256 vexationibus
1633 3207 1752 3256 fati·
1799 3206 2046 3255 dissimile
2067 3205 2174 3254 fore
2193 3206 2444 3256 Johannis
2455 3209 2728 3268 apostolici

833 3287 974 3335 gare,
1006 3289 1072 3324 ex
1102 3277 1402 3325 auctoritate
1435 3276 1540 3325 Dei
1562 3278 1752 3340 Patris,
1799 3277 2057 3325 decretum
2109 3281 2376 3338 repugnat.
2471 3279 2588 3327 Aut
2639 3279 2726 3328 isti

832 3347 885 3393 et
915 3344 1053 3405 Filii,
1073 3349 1125 3393 et
1146 3345 1368 3406 Spiritus
1395 3347 1589 3409 Sancti,
1609 3361 1754 3397 sanc-
1798 3347 1972 3408 itaque
2009 3346 2340 3396 concedentes
2380 3347 2534 3396 beato
2573 3348 2729 3398 Petro

833 3418 1001 3475 taeque
1034 3414 1137 3464 Dei
1168 3416 1425 3478 genitricis
1453 3416 1659 3479 Mariae,
1691 3432 1752 3467 ac
1801 3417 2012 3477 suisque
2061 3417 2440 3465 successoribus
2487 3418 2728 3468 collatam

833 3488 1116 3534 sanctorum
1152 3487 1491 3547 apostolorum
1529 3487 1671 3536 Petri
1703 3493 1754 3537 et
1800 3501 1833 3534 a
1901 3485 2106 3537 Christo
2169 3490 2487 3549 potestatem,
2559 3493 2727 3538 trans-

836 3553 1011 3616 Pauli,
1063 3556 1385 3617 omniumque
1446 3560 1752 3618 sanctorum,
1801 3556 1943 3618 gredi
1987 3557 2260 3606 cessabunt
2311 3557 2441 3605 tanti
2481 3557 2726 3608 interdic·

832 3628 1095 3685 perpetuae
1134 3627 1201 3674 sit
1234 3627 1471 3676 addictus
1515 3627 1756 3677 maledic·
1799 3631 1884 3674 tus
1954 3627 2343 3688 auctoritatem3
2396 3631 2491 3674 aut
2555 3629 2724 3678 flocci-

832 3693 977 3756 noni,
1008 3693 1109 3743 nisi
1142 3697 1428 3757 resipuerit.
1502 3697 1754 3748 Omnibus
1799 3696 2094 3760 pendentes,
2163 3711 2282 3745 cum
2365 3696 2576 3747 diabolo
2643 3713 2727 3748 su-

831 3775 953 3812 vero
985 3764 1151 3814 eidem
1191 3765 1305 3814 loco
1332 3767 1479 3828 justa
1511 3769 1756 3817 servanti·
1799 3767 1946 3827 isque
2003 3765 2338 3828 complicibus
2403 3769 2720 3830 praescriptae

830 3831 929 3882 bus
966 3834 1034 3883 sit
1065 3847 1171 3896 pax
1195 3835 1404 3884 Domini
1431 3838 1590 3886 nostri
1622 3839 1754 3888 Jesu
1800 3836 2168 3885 maledictionis
2197 3836 2295 3886 sibi
2317 3835 2593 3898 adquirant
2612 3853 2722 3900 per-

833 3901 1043 3965 Christi,
1079 3903 1264 3955 Amen.
1336 3907 1626 3968 Nostraque
1665 3907 1753 3957 sti·
1799 3907 2114 3967 petuitatem.
2193 3907 2403 3956 Constat
2467 3921 2593 3969 ergo
2639 3923 2720 3956 ne-

830 3973 1028 4032 palatio
1070 3974 1369 4024 inconvulsa
1408 3977 1757 4037 permaneat.”
1799 3976 1984 4026 minem
2035 3980 2388 4026 exn-aneorum
2431 3975 2572 4026 idem
2613 3991 2716 4026 οω-

829 4042 1018 4091 Actum
1039 4047 1262 4106 tempore
1282 4045 1592 4095 Aelfuuardi
1618 4050 1754 4109 eJus·
1799 4047 2006 4095 nobium
2047 4047 2148 4095 sibi
2179 4046 2531 4108 praeripuisse,
2571 4061 2710 4108 quem

829 4111 945 4161 dem
966 4116 1256 4163 monasterii
1277 4116 1493 4166 abbatis.
1798 4130 1899 4164 non
1947 4117 2230 4166 constiterit
2271 4115 2388 4182 (nec
2421 4118 2536 4166 sine
2565 4117 2710 4166 dede-

898 4183 915 4210 ‘
946 4182 1079 4232 Haec
1124 4185 1284 4246 igitur
1337 4187 1616 4246 praedictus
1659 4201 1751 4236 rex
1800 4182 1940 4250 core)
1973 4187 2242 4246 amisisse;
2273 4186 2520 4248 nullaque
2553 4199 2715 4235 mona-

826 4251 1065 4314 Edgarus
1101 4254 1401 4303 duodecimo
1438 4271 1572 4306 anno
1606 4259 1750 4319 regni
1799 4255 2007 4304 chorum
2049 4256 2440 4317 machinatione,
2481 4257 2571 4307 sed
2611 4255 2710 4305 Dei

824 4323 908 4371 sni
942 4335 1086 4371 sacro
1119 4325 1306 4386 scripto
1328 4325 1611 4379 Lundoniae
1633 4341 1751 4375 con·
1789 4326 1990 4386 jndicio
2011 4326 2077 4376 ob
2091 4331 2282 4376 sanctae
2304 4326 2614 4376 auctoritatis
2631 4325 2712 4374 ul-
