3023 5045
327 512 468 560 mn.
501 493 590 578 1.]
779 512 1006 562 essm
1057 513 1308 562 ascum
1358 515 1785 564 ANcLoRUM.
2148 492 2239 572 372

323 669 588 740 pachus
635 677 711 734 et
747 673 999 738 abbas
1018 673 1267 750 sactus,
1317 681 1478 756 post
1522 673 1786 755 aliqu'ot
1834 680 2051 738 an‘nos
2105 695 2228 740 na·
2256 698 2445 739 Amant
2462 703 2545 740 or·

321 775 498 833 turae
548 772 784 836 cessit.
887 771 1108 857 Cujus
1163 773 1565 837 assertionis
1602 793 1871 837 omnem
1928 775 2232 846 absolvit
2254 749 2551 800 Gmwnbm’

319 868 722 953 scrupulum
753 871 932 936 visio
981 873 1343 957 qunsdam
1385 873 1646 950 fratris»,
1694 875 1816 956 qui
1866 882 2028 957 post
2077 877 2222 940 obi-

320 975 469 1032 tum
517 972 705 1035 beati
749 971 903 1050 viri,
944 972 1094 1056 jam
1121 972 1429 1038 'nutante
1472 973 1801 1038 memoria
1853 981 2084 1038 utrum
2128 975 2223 1040 ibi

317 1069 702 1142 monachus
746 1079 819 1136 et
865 1073 1078 1136 abbas
1120 1072 1352 1150 fuerit,
1398 1092 1554 1137 cum
1605 1071 1691 1135 de
1730 1071 1861 1137 hoc
1898 1073 2227 1156 frequens

316 1176 708 1248 verteretur
735 1173 1052 1254 quaestio,
1099 1173 1222 1252 tali
1267 1172 1713 1236 confirmatus
1756 1180 1863 1237 est
1911 1174 2217 1241 oraculo,

317 1266 702 1334 Resolutus
779 1272 959 1335 enim
1026 1273 1101 1336 in
1170 1292 1510 1356 soporem,
1572 1271 1761 1358 visus
1818 1279 1925 1337 est
1979 1274 2221 1342 andire

313 1368 667 1450 quendam
717 1371 1081 1453 legentem,
1138 1379 1298 1455 post
1353 1372 1575 1436 multa
1635 1370 1785 1455 ejus
1858 1371 2215 1452 miracula,

309 1463 463 1546 haec
493 1471 736 1548 verba,
778 1475 799 1504 ‘
826 1470 967 1535 Hic
995 1471 1210 1554 igitur
1237 1470 1760 1555 metropolitani·
1779 1471 1973 1554 pallii
2013 1492 2214 1538 sanc-

309 1567 514 1632 titate
566 1563 931 1634 decoratus
1002 1578 1151 1651 est;
1221 1570 1659 1653 postmodum
1701 1590 1866 1635 vero
1911 1570 2023 1634 hic
2067 1593 2214 1636 mo-

310 1668 576 1736 nachus
626 1677 699 1734 et
739 1671 954 1734 abbas
1002 1670 1270 1736 sactus.’
1371 1669 1653 1754 Adjecit
1688 1671 1895 1735 etiam
1940 1679 2020 1734 ut
2074 1673 2211 1736 non

307 1766 579 1851 integre
655 1768 961 1834 credenti
1049 1770 1268 1834 literis
1341 1772 1569 1834 aureis
1660 1770 1844 1852 quod
1940 1769 2213 1838 dixerat

307 1867 644 1952 scriptum
707 1870 1114 1935 ostenderet.
1250 1870 1570 1934 Excessit
1628 1889 1794 1952 ergo
1863 1868 2209 1935 Patricius
2238 1892 2372 1932 nean
2390 1895 2439 1933 or

305 1984 492 2032 anno
549 1970 779 2033 aetatis
849 1971 1222 2035 centesimo
1276 1969 1664 2045 undecimo,
1717 1971 2211 2034 incarnationis
2235 1944 2467 2035 ῗυρῗῖἒῗ·

307 2061 603 2132 Domini
619 2063 1296 2152 quadringentesimo
1336 2069 1843 2151 septuagesimo
1872 2070 2209 2148 secund0,

302 2168 424 2248 qui
453 2167 590 2232 fuit
617 2187 842 2232 annus
867 2189 958 2233 ex
989 2189 1129 2252 quo
1162 2168 1574 2232 Hiberniam
1612 2169 1860 2232 missus
1904 2177 2010 2233 est
2036 2190 2206 2252 quaa

301 2265 734 2350 dragesimus
783 2269 1139 2352 septimus,
1246 2267 1651 2350 Requiescit
1694 2269 1769 2330 in
1815 2267 2063 2332 dextro
2108 2270 2209 2333 la-

299 2360 446 2432 'tere
479 2368 720 2432 altaris
749 2376 1044 2433 vetustae
1089 2366 1471 2444 ecclesiae,
1451 2388 1525 2431 in
1568 2367 1923 2450 pyramide
1962 2388 2199 2447 saxea,
2262 2385 2270 2392 ·

297 2486 508 2550 quam
591 2475 878 2550 argento
952 2468 1235 2534 vestivit
1304 2473 1740 2551 posterorum
1814 2467 2205 2550 diligentia.

297 2563 492 2632 Hinc
555 2565 1134 2634 Hiberniensibus
1193 2586 1342 2632 mos
1399 2568 1684 2632 inolitus
1746 2567 1834 2631 ad
1903 2588 2205 2633 exoscu«

294 2668 542 2732 landas
574 2670 853 2751 patroni
880 2669 1210 2801 reliquias
1238 2669 1466 2732 locum
1495 2668 1961 2750 frequentare

287 2759 298 2818 ἶ
395 2768 569 2852 §23.
619 2767 822 2832 Unde
872 2776 944 2833 et
996 2764 1344 2834 ¹sanctum
1391 2767 1795 2832 Indractum
1825 2775 1897 2833 et
1924 2769 2197 2833 beatam
2223 2790 2283 2829 st.
2300 2788 2489 2831 manet.

285 2867 678 2951 Brigidam,
728 2868 1088 2933 Hiberniae
1147 2887 1287 2933 non
1345 2870 1676 2932 obscuros
1727 2868 2017 2944 incolaS,
2062 2867 2196 2932 huc
2222 2841 2282 2879 ‘³‘
2304 2840 2488 2890 ¹³an

289 2967 453 3032 olim
475 2985 898 3033 commeasse
923 2969 1402 3034 celeberrimus
1431 2987 1656 3032 sermo
1674 2974 1798 3031 est.
1884 2967 2195 3049 Brigida,

281 3068 585 3154 (relictis
624 3067 1037 3151 quibusdam
1083 3068 1227 3133 suis
1273 3068 1683 3149 insignibus»,
1727 3067 1966 3131 monili
2003 3067 2205 3131 videe·

282 3160 448 3233 licet
505 3187 678 3250 pera
733 3176 812 3234 et·
863 3169 1257 3233 textrilibus
1306 3158 1540 3244 armiS,
1587 3187 1745 3251 quae
1802 3165 2025 3231 adhuc
2067 3188 2195 3250 pro

276 3268 684 3333 sanctitatis
729 3269 1060 3333 memoria
1115 3274 1582 3343 ostentantur,
1642 3273 1713 3331 et
1768 3268 2023 3331 morbis
2090 3268 2192 3333 div

275 3368 527 3432 ³versis.
557 3366 980 3454 medentur,)
1028 3374 1261 3433 utrum
1315 3368 1592 3432 domum
1637 3386 1936 3444 reversa,
1968 3384 2059 3429 an
2098 3367 2193 3431 ibi

287 3468 645 3551 acceperit
721 3487 1035 3552 pausam,
1090 3466 1452 3532 incertum.
1600 3464 1919 3530 Alterum
1981 3466 2195 3550 juxta

270 3566 728 3643 ‚Glastoniam
801 3568 1320 3652 martyrizatum
1381 3586 1575 3658 cum¹
1615 3566 1820 3630 sociis
1902 3566 2191 3649 septem,

269 3759 536 3822 however,
609 3759 968 3822 satisfactorily
1021 3759 1209 3822 proved
1263 3758 1395 3819 bury
1415 3762 1574 3807 wrote
1607 3772 1640 3805 a
1672 3756 1761 3805 life
1787 3755 1846 3813 of
1869 3757 1943 3804 st.
1967 3755 2193 3818 Indi-act,

266 3830 388 3879 -that
441 3829 546 3879 this
601 3827 778 3878 Patrio
828 3828 1024 3878 neither
1074 3829 1212 3878 lived
1263 3830 1280 3856 ‘
1297 3826 1482 3878 Passio
1519 3828 1693 3877 Sancti
1730 3826 1992 3887 Indracti,’
2022 3824 2193 3875 which

281 3914 370 3949 nor
403 3914 518 3949 was
532 3928 538 3936 ·
551 3899 734 3948 buried
767 3904 822 3948 at
843 3898 1209 3960 Glastonbury.
1243 3898 1356 3947 has
1377 3912 1531 3947 never
1551 3898 1677 3945 been
1715 3894 1933 3957 printed.
2002 3894 2051 3943 Α
2095 3897 2192 3944 fine

281 3968 636 4031 Malmesbury
665 3973 834 4021 wrote„
862 3983 896 4017 a
927 3968 1016 4018 life
1048 3968 1107 4017 of
1138 3969 1212 4019 St.
1263 3968 1575 4029 manuscript
1595 3966 1653 4015 of
1667 3966 1769 4016 this
1789 3962 1933 4013 work
1964 3965 2009 4014 is
2032 3965 2085 4012 in
2106 3966 2192 4015 the

280 4039 476 4101 Patrio,
496 4040 552 4089 in
580 4044 684 4088 two
705 4039 891 4101 books,
912 4039 1006 4087 but
1023 4049 1088 4087 no
1108 4053 1215 4088 ma·
1265 4038 1513 4086 Bodleian
1554 4037 1761 4097 libi-ary.
1832 4035 1885 4083 It
1927 4036 1973 4082 is
2015 4036 2193 4085 abbre-

262 4110 509 4172 manscript
553 4108 613 4158 of
661 4110 703 4157 it
745 4111 790 4159 is
846 4124 963 4157 now
1005 4108 1211 4159 known.
1263 4108 1434 4156 viated
1487 4108 1541 4157 in
1585 4106 1721 4156 John
1765 4104 1824 4153 of
1858 4104 2193 4166 Tynemouth,

261 4178 477 4229 'Leland
497 4178 740 4243 (Collect.
775 4191 860 4229 111.
886 4181 1001 4228 273.
1054 4178 1216 4227 Lond.
1259 4179 1416 4227 Nova
1460 4176 1702 4238 Legenda
1754 4175 1979 4236 Angliae,
2022 4175 2192 4223 which

273 4245 607 4314 ·1wo,8vo.)
629 4250 744 4311 has,
773 4250 1026 4305 however,
1065 4249 1214 4310 given
1264 4248 1358 4296 has
1378 4248 1508 4297 been
1528 4245 1729 4307 printed
1750 4243 1913 4293 under
1932 4244 2018 4293 the
2046 4259 2193 4293 name

281 4285 502 4369 extu-{ets
521 4320 652 4369 from
674 4320 756 4369 it.-
857 4350 864 4357 -
931 4348 939 4359 ·
1264 4316 1323 4365 of
1359 4315 1647 4377 Capgrave'
1648 4330 1674 4365 s
1730 4313 1993 4377 Legenda
2042 4315 2193 4362 Nova

323 4385 341 4419 ¹
360 4390 602 4441 Sanctum
617 4390 920 4439 Indractum.
924 4383 950 4457 ]
973 4388 1215 4438 Malmes-
1265 4387 1488 4451 Angliae,
1500 4386 1589 4436 fol.
1609 4389 1705 4435 188
1722 4386 1767 4436 b.'
1786 4383 2020 4447 London,
2045 4386 2191 4448 1516.
