3023 5045
527 1600 727 1640 Dunstan
758 1600 829 1641 ba-

524 1651 690 1741 322130‘1·
718 1650 757 1691 Δ
774 1650 829 1691 ⁰·

847 502 979 567 234
1307 516 1536 564 cusu
1584 515 1838 563 ancum
1887 514 2314 563 Anatolium.
2481 500 2653 581 [Lm.
2692 516 2771 562 n.

852 682 925 739 et
972 676 1157 739 inter
1212 694 1289 738 se
1336 675 1750 755 mussitare3
1797 674 1990 739 solus
2041 674 2482 752 Dunstanus,
2519 667 2538 705 ¹
2543 674 2770 759 juxta

854 777 1149 841 nominis
1184 776 1295 840 sui
1332 775 1757 855 firmitatem,
1801 775 1974 839 nihil
2026 775 2262 857 regale
2315 775 2770 859 supercilium

856 878 1148 954 verituS,
1228 876 1706 941 lascivientem
1782 876 2242 960 juvenculum
2305 876 2650 941 violenter
2729 896 2772 939 e

856 977 1178 1041 cubiculo
1226 977 1598 1051 abstraxit,
1651 984 1724 1041 et
1755 970 1780 1008 ²
1792 997 1918 1061 per
1951 976 2268 1041 Odonem
2303 976 2772 1061 archiepisco-

855 1097 1023 1160 pum
1058 1077 1373 1161 pellicem
1398 1076 1765 1162 repudiare
1793 1085 2138 1157 coactum,
2181 1084 2596 1162 perpetuum
2631 1078 2770 1143 sibi

856 1178 1213 1243 inimicum
1260 1178 1449 1242 fecit.
1555 1178 1738 1243 Mox
1787 1178 2070 1253 etenim,
2101 1178 2506 1243 miserrimis
2551 1178 2770 1242 satel-

858 1278 1100 1342 litibus
1134 1279 1503 1356 subnixuS,
1543 1298 1782 1343 omnes
1815 1279 1890 1342 in
1917 1285 2072 1343 tota
2105 1276 2369 1361 Angli-a
2396 1279 2768 1350 monastici

857 1378 1119 1442 ordinis
1166 1378 1500 1457 homineS,
1536 1380 1730 1461 prius
1778 1379 2082 1443 nudatos
2130 1379 2546 1444 facultatum
2583 1398 2766 1443 aux-

855 1478 1003 1553 ilio,
1035 1486 1196 1561 post
1242 1480 1453 1543 etiam
1498 1478 1906 1562 deportatos
1953 1480 2193 1558 exilio,
2245 1480 2770 1544 calamitatibus

854 1577 1160 1662 indignis
1214 1579 1470 1644 affecit.
1576 1580 1822 1664 Ipsum
1857 1581 2330 1659 Dunstanum‚
2386 1578 2766 1645 monacho-

853 1699 1009 1743 rum
1054 1680 1550 1763 primicerium,
1593 1674 1706 1745 ⁸in
1753 1680 2155 1745 Flandriam
2199 1680 2551 1764 propellit.
2657 1680 2770 1745 Ea

854 1788 1269 1865 tempestate
1312 1782 1528 1846 facies
1572 1782 2150 1847 monasteriorum
2199 1781 2392 1847 foeda
2439 1788 2512 1845 et
2554 1780 2768 1845 mise-

854 1882 1093 1945 rabilis
1127 1890 1319 1963 erat3
1363 1876 1391 1913 ⁴
1404 1902 1567 1946 nam
1593 1890 1664 1947 et
1695 1882 2296 1947 Malmesbiriense
2341 1882 2766 1961 coenobium‚

854 1982 1230 2065 plusquam
1279 1981 1599 2048 ducentis
1655 1983 2102 2066 septuaginta
2153 1982 2356 2047 annis
2412 2002 2457 2047 a
2517 2002 2768 2047 mona-

756 2166 767 2175 ·
856 2082 1005 2146 chis
1036 2082 1529 2161 inhabitatum,
1557 2083 1913 2148 stabulum
1939 2083 2346 2148 clericorum
2375 2082 2564 2147 fecit.
2627 2082 2770 2147 Sed

857 2191 961 2258 tu,
982 2183 1285 2248 Domine
1306 2183 1354 2248 J
1358 2203 1508 2261 esu,
1533 2190 1807 2248 creator
1823 2193 1896 2249 et
1911 2191 2261 2248 recreator
2291 2191 2554 2261 noster,
2585 2184 2772 2248 bone

855 2281 1140 2360 artifex,
1187 2284 1623 2366 multumque
1684 2291 1934 2366 potens
1989 2284 2292 2348 formare
2353 2291 2600 2348 nostra
2649 2284 2772 2348 de-

856 2383 1109 2447 formia
1172 2403 1299 2467 per
1363 2383 1523 2449 illos
1575 2382 1887 2449 homines
1934 2384 2356 2466 irregulares
2402 2391 2474 2449 et
2520 2403 2771 2468 vagoS,

858 2482 1266 2549 thesaurum
1300 2492 1499 2550 tuum
1528 2492 1636 2550 tot
1666 2486 1869 2550 annis
1906 2484 2218 2550 abditum
2241 2485 2315 2550 in
2344 2485 2574 2550 lucem
2603 2505 2768 2569 pro-

858 2584 1142 2668 palasti,
1178 2585 1368 2650 beati
1399 2583 1705 2650 Aldelmi
1740 2605 1992 2669 corpus
2041 2586 2222 2664 dico,
2261 2585 2447 2670 quod
2499 2587 2641 2669 ipsi
2683 2587 2770 2652 de

856 2692 1045 2749 terra
1104 2684 1454 2750 elevatum
1517 2687 1592 2750 in
1645 2687 1904 2751 scrinio
1962 2687 2303 2752 locarunt.
2441 2683 2769 2752 Accessit

854 2786 1263 2851 clericorum
1329 2787 1574 2868 gloriae
1634 2787 1892 2870 regalis
1962 2787 2374 2866 liberalitas,
2429 2794 2513 2851 ut
2569 2788 2771 2853 daret

855 2893 1101 2950 sancto
1146 2886 1507 2970 praedium,
1561 2888 2020 2972 amplitudine
2075 2895 2148 2952 et
2197 2889 2565 2953 vicinitate
2611 2889 2771 2972 ipsa

856 2994 1473 3071 peropportunum.
1591 2987 1942 3054 Caeterum
1987 2989 2201 3071 longe
2241 2988 2482 3054 horret
2525 2997 2772 3054 nostra

855 3088 1191 3152 memoria
1236 3108 1446 3170 quam
1490 3088 1818 3154 immanis
1859 3089 2070 3153 fuerit
2111 3090 2187 3154 in
2221 3090 2495 3173 reliqua
2526 3109 2770 3155 coeno-

853 3189 996 3266 bia,
1020 3195 1091 3252 et
1114 3196 1401 3272 propter
1428 3191 1658 3255 aetatis
1691 3189 2060 3268 lubricum,
2091 3197 2162 3255 et
2191 3197 2478 3275 propter
2497 3190 2770 3274 pellicis

925 3421 943 3453 ¹
956 3425 1125 3474 Juxta
1138 3423 1347 3473 nominis
1356 3424 1779 3491 mifirmitatem]
1835 3425 2086 3488 Compare
2145 3425 2282 3476 Flor.
2328 3423 2564 3487 Wigorn.
2627 3425 2768 3476 A.D.

853 3494 904 3544 A
942 3495 1136 3545 similar
1178 3496 1473 3557 expression
1517 3511 1700 3546 occurs
1732 3496 1784 3544 in
1835 3499 1950 3546 958.

855 3565 1105 3629 Osberne,
1135 3566 1218 3615 De
1240 3567 1363 3615 Vita
1398 3566 1453 3616 S.
1488 3566 1782 3616 Dunstani:
1907 3563 2008 3616 ³1²1
2025 3565 2605 3630 Flandriampropellit]
2627 3567 2771 3618 Dun-

855 3637 871 3664 ‘
889 3637 993 3686 Sed
1014 3637 1123 3700 ille,
1146 3638 1303 3700 juxta
1326 3636 1682 3700 etymologiam
1698 3652 1786 3685 no·
1836 3640 1952 3686 stan
1971 3653 2083 3688 was
2104 3636 2353 3688 banished
2368 3636 2512 3687 A.D.
2526 3641 2652 3701 956,
2673 3637 2766 3688 and

856 3707 1009 3756 minis
1032 3709 1133 3771 sui,
1149 3712 1209 3756 ut
1231 3721 1375 3756 mons
1395 3708 1672 3769 persistens
1694 3708 1788 3756 im·
1836 3721 1949 3758 was
1969 3708 2284 3770 honourably
2304 3707 2544 3756 received
2581 3709 2656 3771 by
2677 3709 2770 3757 Ar-

856 3778 1095 3829 mobilis.'
1158 3777 1223 3827 In
1265 3777 1635 3840 AnglmSaxon
1682 3791 1785 3826 nun
1837 3779 1960 3828 noul
1997 3785 2151 3829 count
2186 3779 2246 3828 of
2285 3778 2554 3828 Flanders.
2641 3779 2766 3829 Con-

858 3849 1084 3911 signifies
1106 3863 1139 3897 a
1160 3849 1270 3911 hia,
1292 3848 1397 3897 and
1418 3861 1542 3896 svm
1566 3863 1600 3898 a
1620 3853 1772 3899 stone.
1836 3850 2044 3912 cerning
2077 3850 2164 3898 the
2198 3848 2347 3912 place
2369 3847 2429 3896 of
2443 3848 2528 3897 his
2563 3849 2766 3899 banish-

944 3916 965 3946 ²
986 3919 1092 3968 Per
1130 3920 1345 3968 odonem
1377 3919 1786 3983 archiepiscopum
1835 3923 1990 3978 ment,
2045 3935 2130 3969 see
2183 3918 2447 3968 Adlardus
2501 3920 2767 3970 Blandini-

853 3990 1076 4052 pellicem
1095 3989 1353 4054 repudiare
1382 3985 1642 4058 coactum]
1678 3990 1785 4038 The
1835 3991 1992 4053 ensis,
2011 3991 2094 4040 De
2118 3990 2241 4039 Vita
2263 3989 2319 4040 S.
2342 3990 2626 4042 Dunstani.

855 4059 1027 4110 Saxon
1060 4060 1327 4110 Chronicle
1369 4064 1546 4123 states,
1589 4061 1701 4110 that
1732 4061 1784 4109 in
1906 4058 1927 4088 ⁴
1949 4062 2083 4110 Nam
2115 4065 2167 4110 et
2199 4060 2628 4111 Malmsbirienae
2670 4095 2685 4112 .
2708 4096 2723 4112 .
2747 4095 2759 4111 .

854 4130 940 4179 the
981 4145 1105 4192 year
1148 4134 1265 4196 958,
1300 4129 1436 4193 odo,
1479 4131 1784 4193 archbishop
1831 4131 2280 4196 peropportunum]
2313 4131 2440 4180 This
2473 4132 2760 4195 paragraph

854 4200 912 4248 of
954 4200 1292 4263 Canterbury‚
1328 4203 1598 4263 separated
1644 4203 1786 4264 King
1835 4217 2014 4252 occurs
2051 4203 2232 4252 almost
2253 4202 2398 4252 word
2431 4202 2512 4251 for
2533 4203 2678 4252 word
2709 4203 2758 4251 in

857 4270 1057 4332 Eadwy
1102 4273 1203 4320 and
1248 4271 1515 4334 Aelfgyfa,
1565 4275 1783 4325 because
1837 4274 2070 4324 Malmes.
2130 4273 2210 4322 De
2282 4274 2405 4322 Vita
2476 4273 2753 4324 Aldhelmi.

852 4342 973 4402 they
995 4357 1129 4391 were
1166 4346 1247 4390 too
1284 4342 1457 4403 nearly
1500 4344 1784 4394 related.--
1837 4343 2016 4410 (Angl.
2040 4345 2178 4394 Sacr.
2203 4359 2321 4407 pars
2346 4357 2406 4394 11.
2434 4340 2544 4408 32.)
