3023 5045
803 495 894 561 38
1248 511 1476 561 cns-m
1520 511 1777 560 numm
1822 509 2255 561 Auemlwu.
2448 498 2627 580 [mn.
2658 513 2705 560 1.·

483 686 768 789 affluam,
806 669 1244 753 postmodum
1315 671 1390 734 in
1461 677 1766 736 veterem
1836 670 2251 735 translatum
2324 670 2710 748 ecclesiam,

772 764 784 777 '
807 771 1096 854 liquebit
1119 791 1246 855 per
1269 771 1688 835 narrationis
1714 772 2301 854 consequentiam.

488 888 722 939 Bonis-uu·-
825 907 832 912 ·
911 870 1086 954 §24
1149 871 1499 938 Successit
1557 870 1866 935 Patricio
1918 871 1993 954 in
2052 871 2329 936 abbatis
2380 867 2714 952 regimine

814 964 833 1002 ¹
851 969 1233 1053 BenignuS,
1277 971 1400 1036 sed
1443 977 1619 1056 quot
1658 968 1865 1035 annis
1904 969 2270 1035 incertum.
2370 968 2553 1048 Quis
2593 989 2715 1034 au·

813 1077 953 1135 tem
981 1069 1212 1149 fuerit,
1240 1078 1311 1136 et
1342 1069 1687 1155 quomodo
1728 1069 1959 1154 patria
1994 1069 2238 1153 lingua
2280 1069 2535 1148 dictus,
2579 1089 2718 1134 non

812 1169 1110 1235 infacete
1138 1189 1380 1237 versus
1423 1171 1851 1255 exprimunt,
1890 1169 2109 1252 quiin
2136 1169 2491 1254 epitaphio
2534 1169 2719 1254 apud

819 1270 1220 1335 Ferramere
1247 1271 1488 1355 scripti
1511 1270 1815 1335 fuerunt.

821 1419 983 1484 Hoc
1009 1419 1230 1504 patris
1273 1420 1348 1484 in
1388 1419 1620 1504 lapide
1649 1419 1958 1486 Beonnae
1988 1424 2152 1482 sunt
2181 1435 2342 1484 ossa
2368 1416 2627 1494 locata,

824 1518 969 1598 Qui
1039 1526 1240 1604 pater
1305 1519 1641 1584 extiterat
1696 1517 2189 1584 monachorum
2246 1516 2358 1580 hic
2416 1523 2725 1602 tempore

969 1638 1064 1682 ns
1106 1639 1190 1686 o:

824 1639 1040 1782 Hufnc
1067 1639 1217 1783 (iore
1248 1717 1540 1782 Patricii
1568 1717 1919 1800 quondam
1949 1716 2244 1781 fortasse
2269 1713 2663 1779 ministrum
2706 1775 2713 1782 .

826 1818 1095 1882 Fantur
1150 1818 1671 1900 Hibernigenae,
1730 1824 1803 1882 et
1859 1815 2224 1881 Beonnam
2292 1815 2379 1880 de
2451 1814 2729 1914 nomine

926 1915 1190 1982 dicunt.
2394 1925 2402 1931 ’

829 2063 908 2130 Is
955 2070 1237 2148 quantae
1288 2064 1472 2148 apud
1528 2064 1757 2128 Deum
1808 2064 2055 2147 gratiae
2112 2062 2321 2128 fuerit
2376 2069 2452 2129 et
2496 2061 2617 2143 sit,
2660 2070 2733 2128 et

829 2165 1082 2230 veteris
1128 2164 1478 2258 quondam
1514 2164 1680 2230 vitae
1730 2170 1806 2262 et
1849 2183 2078 2242 novoe,
2124 2164 2197 2227 in
2240 2161 2574 2248 majorem
2618 2183 2729 2228 ec-

827 2264 1109 2329 clesiam
1137 2264 1615 2329 translationis
1644 2270 2131 2348 praeconantur
2156 2263 2533 2345 magnalia.

507 2321 807 2474 ῧξζξὲἓῖοῑι·
937 2364 1112 2448 §25.
1178 2363 1225 2429 J
1231 2383 1345 2428 am
1398 2382 1568 2429 vero
1619 2364 1865 2448 quanti
1914 2363 2097 2428 hunc
2145 2363 2374 2428 locum
2420 2362 2735 2446 penderit

511 2475 726 2516 Menevia·
834 2483 1128 2547 magnus
1158 2463 1276 2530 ille
1318 2457 1342 2496 ²
1357 2463 1591 2531 David
1620 2463 1699 2528 M
1704 2463 2146 2529 enevensium
2175 2462 2735 2553 archiepiscopus

835 2564 1171 2629 celebrius
1221 2572 1330 2631 est
1379 2584 1588 2649 quam
1633 2570 1714 2628 ut
1766 2570 2007 2629 nostro
2052 2564 2363 2646 indigeat
2404 2564 2738 2629 illustrari

837 2664 1086 2729 relatu.
1187 2664 1322 2729 Ille
1391 2664 1876 2748 antiquitatem
1922 2670 1995 2729 et
2046 2662 2582 2729 sanctitudinem
2632 2683 2740 2733 ec.-

838 2763 1068 2828 clesiae
1097 2762 1334 2830 divino
1379 2764 1855 2848 comprobavit
1898 2764 2199 2827 oraculo.
2303 2762 2743 2829 Dedicationi

839 2864 1022 2928 enim
1049 2862 1202 2950 ejus
1237 2864 1627 2942 intendens,
1654 2883 1814 2928 cum
1859 2861 2202 2947 episcopis
2246 2869 2538 2947 septem,
2569 2882 2740 2946 quo-

839 2984 993 3027 rum
1021 2963 1278 3048 primas
1320 2971 1495 3043 erat,
1539 2963 1628 3028 ad
1664 2963 1893 3028 locum
1918 2964 2155 3053 venit:
2201 2964 2467 3046 paratis
2505 2970 2738 3029 autem

839 3064 1157 3129 omnibus
1186 3084 1342 3148 quae
1387 3062 1594 3128 officii
1636 3082 1803 3127 usus
1845 3069 2277 3146 exposceret,
2314 3070 2520 3129 nocte
2565 3083 2743 3147 prae-

841 3181 1146 3242 cessura,
1188 3170 1270 3228 ut
1318 3166 1637 3247 putabat,
1684 3161 2157 3240 festivitatem,
2210 3182 2451 3227 somno
2515 3162 2743 3233 indul?

844 3262 959 3328 sit.
1095 3263 1354 3328 Omnes
1411 3282 1578 3345 ergo
1636 3280 1880 3327 sensus
1948 3262 2023 3327 in
2080 3261 2383 3347 quietem
2452 3262 2747 3341 solutus,

848 3362 1019 3427 vidit
1050 3362 1423 3428 Dominum
1453 3363 1500 3429 J
1505 3382 1699 3427 esum
1728 3363 2075 3441 assistere,
2104 3381 2387 3428 causam
2406 3362 2749 3429 adven-tus

917 3534 934 3567 ¹
959 3538 1263 3603 Benigne]
1299 3539 1652 3602 Malmesbury
1668 3541 1777 3590 also
1828 3539 2095 3603 Caerleon,
2136 3538 2373 3589 removed
2414 3538 2500 3589 the
2560 3554 2650 3591 see
2701 3544 2755 3590 to

843 3613 1005 3658 wrote
1028 3624 1062 3658 a
1081 3609 1226 3657 work
1249 3609 1459 3658 entitled
1487 3610 1504 3638 ‘
1522 3610 1780 3660 Miracula
1828 3610 2100 3659 Menevia:
2132 3610 2214 3659 his
2250 3624 2558 3672 successore,
2588 3610 2643 3659 in
2677 3624 2757 3659 re-

847 3680 1022 3729 Sancti
1062 3679 1316 3741 Benigni,’
1357 3679 1684 3729 abbreviated
1726 3682 1779 3729 in
1829 3684 1971 3741 spect
1992 3684 2043 3729 to
2064 3680 2147 3729 his
2166 3680 2584 3742 memory,styled
2596 3680 2757 3730 them-

831 3750 986 3799 ..lohn
1041 3748 1101 3798 of
1131 3748 1478 3809 Tynemouth:
1518 3764 1603 3799 see
1648 3750 1782 3812 Cap·
1829 3750 1994 3799 selves
2010 3750 2340 3811 archbishops
2352 3750 2411 3798 of
2425 3750 2500 3801 St.
2515 3750 2754 3801 David's.

851 3818 1053 3881 grave's
1090 3819 1243 3868 Nova
1277 3820 1522 3882 Legenda
1556 3820 1783 3883 Angliae,
1830 3820 2053 3871 Godwin
2067 3821 2242 3881 places
2260 3820 2343 3869 his
2362 3819 2515 3869 death
2536 3820 2590 3869 in
2611 3820 2755 3880 Aa),

851 3888 939 3938 fol.
966 3893 1046 3938 36.
1119 3888 1184 3938 111
1215 3888 1297 3938 his
1320 3890 1535 3951 History
1556 3889 1615 3939 of
1631 3890 1783 3940 Glas·
1830 3894 1962 3950 6423
1992 3890 2087 3939 but
2107 3889 2461 3951 Malmesbury
2476 3889 2755 3956 (Antiquit.

851 3959 1070 4020 tonbury
1091 3959 1156 4008 he
1194 3963 1353 4009 states
1387 3959 1498 4009 that
1520 3960 1782 4023 Benignus
1831 3960 2001 4010 Glast.
2037 3956 2207 4025 Ecel.)
2248 3960 2451 4022 assigna
2491 3960 2535 4009 it
2575 3964 2629 4009 to
2672 3960 2759 4010 the

851 4028 1142 4078 succeeded
1173 4028 1248 4078 St.
1273 4029 1450 4079 Patrio
1487 4030 1542 4079 in
1578 4029 1663 4079 the
1696 4031 1784 4080 ab·
1830 4045 1953 4092 year
2000 4032 2117 4079 546.
2209 4029 2500 4092 According
2558 4034 2615 4080 to
2671 4030 2759 4079 the

853 4098 985 4159 bucy
1022 4097 1090 4146 A.
1108 4097 1179 4147 1).
1218 4102 1336 4161 460,
1357 4099 1459 4148 and
1490 4100 1665 4161 places
1697 4100 1782 4149 the
1832 4115 1970 4149 same
2014 4098 2289 4162 authority,
2329 4098 2396 4149 he
2438 4113 2549 4149 was
2599 4105 2763 4151 trans·

847 4166 1148 4217 translation
1163 4168 1309 4217 ofhis
1329 4169 1466 4231 body
1475 4174 1527 4219 to
1544 4170 1783 4220 Glaston-
1830 4170 1970 4219 lated
2004 4173 2057 4222 to
2100 4168 2449 4231 Glastonbury
2482 4168 2600 4219 four
2628 4169 2762 4220 hun-

852 4239 984 4298 bury
1006 4237 1060 4286 in
1080 4236 1165 4285 the
1187 4252 1310 4297 year
1331 4241 1446 4289 901.
1471 4239 1516 4306 (τ
1538 4236 1711 4303 1091.)
1830 4240 1958 4291 dred
1994 4238 2097 4289 and
2131 4243 2322 4302 twenty
2342 4253 2494 4303 years
2516 4238 2653 4291 after
2681 4240 2765 4291 his

923 4304 946 4337 ²
967 4307 1134 4356 David
1155 4308 1516 4357 Menevemium
1546 4309 1783 4373 archiepi·
1830 4308 2003 4375 death,
2020 4303 2162 4360 A.D.
2184 4313 2301 4367 966.

849 4378 1065 4442 scopum]
1125 4377 1319 4443 David,
1367 4379 1671 4445 ιιι-0110181101)
1732 4379 1790 4429 of
