3023 5045
771 783 1593 867 PROLOGUS

525 989 640 1047 lN
703 989 1134 1052 LIBRUM
1203 993 1841 1055 SECUNDUM.

523 1291 798 1340 INCIPIT
845 1295 1216 1346 PROLOGUS
1263 1299 1578 1347 SECUNDI
1624 1301 1847 1348 LIBRI.

286 1505 415 1543 «ν
440 1502 447 1509 ·
472 1475 519 1521 -”
725 1478 840 1542 IU
907 1487 1017 1544 est
1083 1481 1294 1562 quod,
1371 1489 1442 1546 et
1521 1491 1886 1564 parentum
1956 1505 2147 1563 cura,

301 1554 321 1577 0
372 1552 383 1575 ⁴⁸
480 1564 523 1593 ζ(
584 1544 604 1581 ,ι
610 1556 617 1567 ³
622 1552 653 1591 {N

285 1576 347 1664 ᾖ
394 1564 565 1685 &3333
588 1582 681 1637 ,ἐξ
765 1587 838 1644 et
870 1588 1146 1663 meapte
1187 1581 1573 1664 diligentia,
1614 1583 1809 1648 libris
1849 1584 2145 1650 insuevi.

486 1792 505 1805 ·
523 1758 655 1867 ἃς,
766 1781 931 1845 ritia
993 1783 1222 1864 cepit3
1293 1783 1445 1848 haec
1495 1785 1822 1849 illecebra
1879 1805 2147 1849 mecum

502 1864 557 1899 ³³
600 1868 675 1887 '³'
764 1881 1100 1963 parilibus
1151 1883 1458 1948 adolevit
1524 1885 1767 1948 annis:
1850 1905 2013 1950 nam
2076 1894 2147 1950 et

243 1982 336 2047 ita
386 2004 431 2048 a
481 1992 683 2068 patre
741 1983 1105 2049 institutus
1170 2002 1383 2062 eram,
1439 1992 1543 2063 ut,
1597 1985 1659 2048 si
1720 1985 1811 2050 ad
1872 1985 2148 2052 diversa

245 2081 656 2150 declinarem
706 2083 962 2161 studia,
1009 2091 1195 2148 esset
1245 2085 1494 2150 animae
1554 2085 2015 2168 dispendium,
2076 2095 2147 2150 et

244 2183 452 2250 famaer
498 2185 907 2268 periculum.
1041 2183 1388 2263 Quocirca
1433 2206 1696 2250 memor
1754 2187 2144 2262 sententiae,

245 2288 265 2318 ‘
298 2283 560 2369 Cupias
591 2287 1052 2370 quodcunque
1083 2305 1366 2349 necesse
1398 2287 1553 2364 est‚'
1589 2286 1853 2350 extorsi
1887 2286 2142 2371 juven-

245 2386 374 2450 tuti
433 2407 612 2450 meae
680 2395 761 2452 ut
834 2385 1130 2450 libenter
1195 2386 1441 2450 vellem
1506 2387 1692 2469 quod
1762 2407 1903 2450 non
1965 2388 2145 2450 velle

242 2483 526 2552 honeste
577 2507 718 2553 non
771 2505 1069 2570 possem.
1175 2486 1269 2551 Et
1315 2487 1553 2553 multis
1606 2487 1883 2572 quidem
1925 2488 2145 2553 literis

241 2586 543 2671 impendi
619 2607 928 2672 operam,
1007 2588 1128 2651 sed
1207 2588 1364 2651 aliis
1433 2588 1664 2653 aliam.
1814 2588 2146 2671 Logicam

243 2687 448 2767 enim,
495 2708 656 2772 quae
709 2695 937 2753 armat
986 2688 1360 2770 eloquium,
1411 2689 1562 2755 solo
1609 2689 1823 2755 libavi
1855 2688 2141 2753 auditu:

241 2788 620 2872 physicam,
684 2808 841 2872 quae
912 2787 1226 2852 medetur
1301 2789 1683 2853 valetudini
1757 2810 2145 2873 corporum,

241 2888 598 2973 aliquanto
659 2889 966 2972 pressius
1028 2888 1358 2970 concepi:
1430 2889 1582 2974 jam
1659 2910 1825 2954 vero
1900 2890 2144 2955 ethicae

239 2996 472 3070 partes
533 2989 930 3053 medullitus
991 2989 1308 3067 rimatuS,
1379 2989 1566 3053 illius
1628 2989 1977 3074 majestati
2034 3010 2145 3055 as-

239 3108 474 3171 surgo,
530 3090 715 3175 quod
745 3109 869 3172 per
897 3108 972 3152 se
998 3088 1434 3153 studentibus
1463 3098 1729 3172 pateat,
1779 3098 1851 3155 et
1876 3089 2144 3155 animos

239 3190 325 3253 ad
372 3191 552 3255 bene
610 3189 984 3255 vivendum
1035 3196 1448 3271 componat:
1503 3190 1862 3255 historiam
1900 3192 2145 3273 praeci-

239 3309 396 3371 pue,
471 3310 655 3375 quae,
723 3289 1034 3375 jocunda
1111 3286 1412 3373 quadam
1476 3298 1831 3372 gestorum
1895 3292 2147 3356 notitia

239 3410 463 3456 mores
542 3391 875 3456 condiens
953 3390 1042 3454 ad
1106 3390 1289 3453 bona
1350 3391 1724 3473 sequenda,
1788 3390 1902 3456 vel
1960 3393 2145 3456 mala

239 3491 572 3570 cavenda,
612 3492 924 3572 legentes
961 3489 1295 3572 exemplis
1325 3491 1577 3555 irritat.
1684 3491 1958 3575 Itaque,
1988 3512 2144 3557 cum

238 3590 636 3658 domesticis
685 3592 1072 3675 sumptibus
1119 3591 1486 3655 nonnullos
1532 3600 1929 3655 exterarum
1973 3613 2143 3674 gen-

235 3689 409 3755 tium
439 3692 807 3758 historicos
847 3690 1279 3770 conflassem,
1310 3691 1633 3756 familiari
1665 3692 1808 3757 otio
1838 3712 2145 3776 quaerere

236 3793 514 3874 perrexi
588 3792 650 3856 si
721 3792 886 3877 quid
961 3791 1048 3855 de
1126 3798 1368 3857 nostra
1429 3801 1637 3873 gente
1704 3793 2147 3857 memorabile

233 3893 531 3975 posteris
609 3898 848 3975 posset
925 3892 1230 3976 reperiri.
1367 3891 1557 3957 Hinc
1618 3900 1727 3957 est
1785 3892 1993 3976 quod,
2056 3895 2145 3957 ab

235 3994 527 4079 antiquo
606 3993 884 4077 scriptis
946 4012 1088 4057 non
1154 3998 1546 4071 contentuS,
1606 3992 1756 4076 ipse
1837 3987 2148 4079 ¹quoque

305 4234 326 4266 ¹
356 4238 551 4301 Quoque
593 4231 930 4305 scripturire]
1002 4236 1060 4287 S.
1105 4238 1166 4287 C.
1189 4237 1256 4287 Ε.
1289 4237 1352 4288 L.
1367 4251 1383 4299 ς
1435 4252 1656 4299 quaeque
1693 4238 2007 4303 scripturire,
2045 4240 2147 4301 D.;

234 4322 441 4369 quoque
463 4308 768 4369 scriptitare,
789 4307 858 4359 A.
