3023 5045
838 502 971 568 344
1268 516 1498 564 ess'rA
1547 515 1803 564 nucum
1850 514 2283 563 ANGLORUM.
2456 499 2633 582 [ms.
2665 515 2746 562 11.

836 679 942 741 ita
971 675 1274 740 Romani
1307 676 1745 759 apostolatus
1778 681 2039 740 statum
2079 693 2207 757 per
2233 671 2574 737 incuriam
2613 691 2743 752 an-

841 785 1263 842 tecessorum
1303 776 1718 840 diminutum
1752 776 2043 852 invenit,
2094 781 2174 839 ut
2218 782 2476 855 praeter
2517 791 2745 856 pauca

839 877 1096 960 oppida
1142 877 1296 941 urbi
1338 879 1593 953 vicina,
1640 883 1712 940 et
1750 875 2135 941 oblationes
2184 873 2513 951 fidelium,
2563 891 2743 956 pene

839 977 1012 1042 nihil
1054 979 1340 1041 haberet
1376 976 1562 1059 quod
1609 994 1685 1040 se
1730 981 2172 1040 sustentaret.
2280 973 2621 1039 Civitates
2672 981 2745 1037 et

837 1078 1310 1160 possessiones
1363 1078 1437 1141 in
1493 1077 1876 1158 longinquo
1933 1076 2205 1158 positae,
2259 1093 2417 1156 quae
2474 1074 2563 1138 ad
2618 1073 2741 1158 jus

840 1178 1150 1242 ecclesiae
1192 1178 1656 1260 pertinebant,
1688 1195 1731 1240 a
1764 1176 2208 1258 praedonibus
2252 1175 2550 1254 ablatae3
2598 1182 2742 1238 tra-

841 1279 1044 1342 mites
1088 1278 1346 1360 publici
1377 1284 1449 1342 et
1481 1283 1711 1341 strata
1738 1277 2006 1342 viarum
2049 1296 2176 1359 per
2206 1282 2427 1340 totam
2458 1274 2740 1339 Italiam

841 1398 886 1442 a
933 1377 1320 1443 latronibus
1379 1378 1843 1460 stipabantur,
1910 1384 1992 1441 ut
2048 1377 2281 1440 nullus
2336 1377 2740 1459 peregrinus

841 1479 978 1542 nisi
1006 1498 1162 1541 cum
1189 1478 1438 1563 majori
1467 1497 1678 1542 manu
1709 1478 1992 1560 impune
2025 1477 2375 1541 transiret.
2482 1476 2741 1540 Ferve-

841 1580 1012 1643 bant
1055 1579 1222 1643 totis
1255 1579 1521 1642 semitis
1564 1577 2048 1642 insidiatorum
2092 1577 2439 1654 examina,
2469 1596 2598 1641 nec
2634 1577 2740 1640 in-

842 1679 1167 1744 veniebat
1198 1681 1429 1744 viator
1459 1698 1598 1760 quo
1632 1677 1932 1742 colludio
1966 1678 2335 1741 evaderet:
2381 1677 2485 1742 ita
2512 1678 2587 1740 in
2617 1696 2740 1742 va-

845 1799 1050 1844 cuum
1097 1780 1279 1844 sicut
1329 1781 1402 1843 in
1456 1779 1910 1862 pecuniosum
1954 1778 2356 1858 furebatur3
2404 1796 2531 1841 nec
2576 1797 2741 1861 sup—

843 1880 1012 1962 plex
1055 1878 1308 1943 habere
1354 1879 1677 1962 gratiam,
1729 1897 1857 1942 nec
1901 1878 2227 1942 resistens
2278 1877 2427 1960 pati
2468 1884 2748 1961 poterat

843 1979 1268 2044 violentiam.
1401 1979 1770 2044 Cessatum
1834 1987 1941 2042 est
1995 1979 2085 2042 ab
2142 1979 2332 2042 omni
2387 1979 2748 2060 provincia

849 2078 1146 2143 Romam
1197 2080 1331 2144 iter
1371 2079 1685 2161 aggredi,
1729 2079 1915 2161 quod
1960 2078 2202 2144 mallet
2252 2079 2581 2162 quislibet
2624 2099 2750 2162 per

843 2180 1260 2244 domesticas
1343 2180 1673 2244 ecclesias
1752 2199 2071 2244 nummos
2160 2199 2327 2244 suos
2414 2179 2747 2257 dividere,

846 2299 1058 2361 quam
1134 2280 1565 2344 latrunculos
1646 2281 1945 2363 propriis
2016 2280 2369 2344 laboribus
2437 2299 2745 2362 pascere.

850 2379 1040 2458 Quid
1092 2379 1165 2442 in
1213 2381 1380 2444 urbe
1397 2381 1618 2444 ‚unico
1653 2380 1817 2446 olim
1860 2379 2256 2445 habitaculo
2303 2380 2745 2444 sanctitatis?

847 2481 945 2544 ibi
991 2480 1066 2544 in
1119 2481 1345 2545 medio
1389 2479 1540 2546 soro
1585 2482 2021 2564 vagabantur
2056 2481 2311 2559 sicarii,
2356 2499 2575 2563 genus
2621 2480 2743 2546 ho-

848 2582 1113 2644 minum
1143 2582 1433 2645 infidum
1463 2590 1535 2645 et
1566 2589 1942 2647 versutum.
2046 2582 2121 2646 Si
2152 2583 2309 2664 quis
2340 2582 2747 2646 semitarum

849 2681 1336 2746 observatores
1394 2682 1629 2765 aliquo
1698 2683 2063 2747 transisset
2123 2682 2439 2760 artificio,
2496 2683 2746 2766 capitis

849 2781 1116 2846 scilicet
1168 2782 1475 2865 periculo
1518 2783 1821 2865 apostoli
1866 2782 2227 2847 ecclesiam
2269 2784 2503 2848 videre
2554 2783 2745 2866 cupi-

849 2902 999 2960 enS,
1046 2883 1121 2945 in
1169 2882 1454 2946 sicarios
1519 2882 1854 2960 incidenS,
1905 2883 2095 2946 nullo
2134 2883 2337 2949 modo
2386 2884 2539 2947 sine
2583 2884 2743 2947 sub-

849 2983 1127 3046 stantiae
1173 2984 1285 3047 vel
1333 2982 1581 3049 salutis
1631 2984 1885 3047 damno
1932 2984 2209 3049 domum
2258 2985 2739 3048 reverteretur.

849 3081 1074 3165 Super
1103 3084 1258 3166 ipsa
1295 3090 1695 3146 sanctorum
1742 3084 2215 3166 apostolorum
2259 3092 2329 3149 et
2362 3094 2743 3168 martyrum

845 3201 1160 3265 corpora,
1205 3203 1414 3266 super
1462 3203 1665 3248 sacra
1691 3184 1966 3262 altaria,
1997 3185 2211 3267 gladii
2255 3185 2741 3265 nudabantur3

843 3282 1231 3348 oblationes
1311 3284 1785 3350 accedentium
1840 3284 1963 3348 vix
2025 3285 2188 3349 dum
2248 3287 2591 3369 appositoe
2658 3286 2741 3349 de

841 3384 1160 3448 manibus
1219 3384 1777 3466 abripiebantur3
1836 3386 2142 3469 abreptae
2203 3386 2278 3449 in
2326 3405 2741 3451 commessa-

843 3485 1066 3547 tiones
1126 3491 1197 3549 et
1259 3492 1647 3550 scortorum
1708 3486 2075 3549 abusiones
2137 3488 2738 3552 consumebantur.

843 3582 1232 3649 Tantorum
1277 3585 1617 3649 malorum
1650 3587 1853 3650 turbo
1888 3585 2213 3669 Gregorii
2254 3596 2593 3671 papatum
2638 3589 2739 3652 of-

842 3684 1085 3749 fendit.
1155 3685 1288 3749 Ille
1322 3687 1545 3768 primo
1575 3686 1850 3763 leniter,
1877 3694 1971 3764 et,
1998 3695 2079 3751 ut
2098 3688 2495 3770 pontificem
2518 3689 2739 3767 decet,

837 3906 941 3962 tus,
963 3900 1030 3951 A.
1056 3902 1126 3952 D.
1150 3903 1440 3966 M.—Pagi
1478 3905 1653 3967 places
1682 3906 1767 3955 the
1819 3908 2019 3958 council
2054 3909 2175 3958 held
2208 3915 2264 3959 at
2293 3911 2432 3959 Sutri
2455 3926 2522 3960 on
2546 3912 2740 3963 Christ-

837 3977 1263 4023 commencement
1291 3974 1352 4023 of
1365 3974 1645 4037 Gregory's
1677 3991 1768 4037 pa·-
1815 3979 2068 4040 mas-day,
2094 3981 2235 4031 A.D.
2260 3984 2409 4043 1046,
2440 3981 2521 4031 for
2550 3983 2737 4046 having

838 4056 971 4103 pacy
1006 4042 1058 4091 in
1096 4043 1224 4103 May
1251 4047 1400 4106 1044,
1430 4046 1525 4094 but
1557 4047 1765 4109 Ughelli
1812 4049 2050 4099 obtained
2077 4050 2162 4099 the
2184 4051 2304 4112 holy
2324 4066 2409 4100 see
2431 4052 2501 4113 by
2522 4054 2734 4115 simony.

837 4113 964 4163 cites
1009 4128 1042 4161 a
1100 4113 1300 4163 chartei·
1355 4116 1408 4165 in
1451 4116 1623 4165 which
1680 4117 1764 4166 the
1815 4118 1919 4169 Mr.
1956 4119 2149 4181 Sharpe
2192 4120 2421 4171 remarks
2458 4122 2573 4171 that
2604 4124 2733 4173 Mal·

836 4182 1008 4230 mouth
1041 4182 1099 4231 of
1115 4185 1324 4245 August
1350 4188 1476 4234 1045
1518 4188 1563 4235 is
1598 4188 1765 4237 stated
1811 4191 2093 4252 mesbury’s
2120 4190 2381 4242 character
2400 4191 2459 4241 of
2477 4192 2581 4243 this
2604 4208 2730 4256 pope

835 4257 888 4301 to
909 4253 972 4301 be
995 4252 1048 4299 in
1071 4252 1156 4301 the
1180 4255 1289 4303 first
1311 4270 1435 4316 year
1453 4256 1514 4305 of
1539 4257 1619 4306 his
1640 4273 1763 4319 pon-
1810 4260 1855 4309 is
1866 4262 2567 4324 consideredasapocryphal.
2590 4264 2732 4313 Com·

833 4323 1036 4373 tificate.
1109 4323 1194 4373 He
1236 4340 1346 4375 was
1385 4327 1610 4389 deposed
1643 4335 1696 4379 at
1728 4345 1762 4381 a
1810 4346 1931 4393 pare
1956 4331 2143 4383 Rodul.
2167 4331 2377 4384 Glaber.
2398 4332 2489 4385 lib.
2516 4347 2567 4385 v,
2585 4338 2637 4385 'c.
2658 4339 2705 4383 5.
