3023 5045
862 474 995 539 256
1305 491 1532 539 cusu
1583 490 1856 547 aucun,
1884 490 2314 538 ANGLORUM.
2483 474 2660 557 [mn.
2693 492 2772 538 11.

864 647 1121 712 nullius
1163 648 1343 713 labis
1390 646 1766 713 conscium.
1872 646 2080 726 Quod
2121 665 2278 711 cum
2324 666 2482 714 eum
2525 647 2614 711 ad
2664 667 2773 712 re-

866 749 1246 813 verentiam
1293 749 1644 813 debuisset
1697 747 2074 824 inflectere,
2127 748 2216 812 ad
2261 747 2624 813 audaciam
2673 748 2774 812 le-

867 849 1103 929 vavit3
1167 868 1352 926 nam,
1400 849 1566 931 quia
1611 848 1898 912 locellus
1931 867 2137 929 quem
2181 855 2556 930 paraverat
2596 846 2774 912 diffi-

866 947 1066 1012 cilem
1122 968 1249 1030 pro
1317 947 1796 1031 magnitudine
1844 947 2153 1030 corporis
2215 947 2610 1011 minabatur
2662 948 2771 1011 in-

866 1067 1203 1129 gressum,
1253 1049 1526 1131 regales
1588 1048 1880 1113 exuvias
1923 1046 2106 1111 ferro
2154 1049 2544 1125 temeravit,
2590 1047 2776 1112 unde

866 1148 1197 1212 continuo
1268 1150 1556 1232 sang-uis
1625 1148 1934 1212 undatim
2013 1147 2315 1211 emicans
2389 1148 2772 1213 astantium

866 1249 1077 1313 corda
1124 1268 1385 1331 pavore
1439 1248 1812 1319 concussit,
1920 1246 2038 1311 Ita
2081 1246 2348 1329 regium
2395 1266 2649 1330 corpus
2697 1249 2774 1313 in

866 1350 1144 1424 scrinio,
1190 1349 1375 1431 quod
1416 1348 1554 1433 ipsi
1593 1346 1904 1413 ecclesiae
1950 1347 2364 1424 contulerat,
2405 1368 2618 1431 super
2671 1348 2773 1411 al-

864 1455 1017 1513 tare
1060 1448 1363 1513 locatum
1409 1456 1520 1513 est
1571 1468 1728 1513 cum
1779 1448 2009 1530 capite
2047 1446 2275 1513 sancti
2318 1446 2772 1531 ApollinariS,

867 1555 941 1611 et
983 1549 1288 1632 reliquiis
1337 1549 1694 1614 Vincentii
1757 1548 2106 1631 martyris,
2149 1566 2308 1630 quae
2353 1548 2470 1613 ille
2515 1568 2774 1631 magno

866 1656 1103 1731 empta
1152 1650 1385 1713 decori
1440 1649 1686 1713 domus
1745 1649 1882 1713 Dei
1945 1648 2317 1731 adjecerat.
2441 1648 2773 1715 Temera-

864 1754 1085 1813 torem
1116 1767 1325 1832 porro
1354 1751 1536 1815 sacri
1580 1748 1890 1831 corporis
1935 1767 2100 1812 mox
2148 1748 2422 1812 animus
2451 1749 2771 1837 reliquit3

865 1868 991 1912 nec
1017 1849 1236 1913 multo
1266 1858 1450 1932 post,
1496 1849 1790 1915 ecclesia
1833 1866 2209 1931 egressum,
2239 1847 2464 1913 fracta
2503 1849 2774 1915 cervice

863 1968 1049 2013 mors
1073 1948 1358 2014 invenit.
1465 1949 1618 2015 Nec
1643 1949 1720 2015 in
1747 1948 1854 2013 his
1883 1947 2086 2012 haesit
2121 1948 2335 2029 regiae
2379 1950 2778 2015 sanctitatis

864 2049 1191 2127 ostensio,
1250 2049 1372 2114 sed
1432 2050 1505 2112 in
1560 2048 1896 2113 ulteriora
1947 2048 2308 2130 processit,
2367 2056 2623 2114 sanato
2678 2050 2775 2114 ibi

862 2147 1125 2213 furioso
1156 2156 1227 2213 et
1260 2168 1467 2213 caeco.
1575 2142 1867 2213 ¹Merito
1900 2167 2068 2229 ergo
2115 2168 2256 2211 non
2288 2148 2565 2216 infirma
2591 2150 2776 2214 inter

862 2247 1137 2330 Anglos
1166 2248 1354 2313 fama
1381 2256 1489 2313 est
1528 2249 1819 2326 nullum,
1864 2267 1992 2312 nec
2037 2247 2188 2331 ejus
2222 2268 2349 2313 nec
2393 2250 2774 2332 superioris

864 2350 1095 2412 aetatis
1126 2368 1356 2431 regem
1381 2350 1455 2412 in
1488 2347 1774 2431 AngHa,
1813 2346 2004 2412 r'ecto
2032 2356 2104 2411 et
2131 2349 2473 2431 aequilibri
2505 2350 2776 2433 judicio

865 2449 1145 2530 Edgaro
1190 2451 1750 2533 comparandum.
1858 2447 1975 2515 Ita
2013 2447 2184 2512 nihil
2208 2448 2355 2512 vita
2381 2448 2536 2534 ejus
2569 2469 2776 2515 sanc-

863 2550 1029 2627 tiuS,
1057 2550 1229 2614 nihil
1249 2550 1534 2634 justitia
1574 2548 2002 2650 propabilius
2038 2540 2195 2627 fuit,
2239 2551 2554 2633 exceptis
2584 2552 2778 2616 vitiis

861 2669 1018 2732 quae
1062 2657 1309 2732 postea
1372 2649 1620 2734 amplis
1685 2650 2058 2714 virtutibus
2108 2649 2406 2730 delevit3
2473 2652 2596 2733 qui
2646 2671 2773 2735 pa—

860 2749 1065 2813 triam
1113 2769 1309 2813 suam
1354 2750 1693 2832 praeclara
1723 2749 2128 2814 fortitudine
2155 2750 2492 2815 illustrem
2541 2752 2772 2817 reddi-

856 2849 1060 2927 derit,
1108 2858 1181 2914 et
1227 2869 1455 2914 rerum
1486 2857 1840 2933 gestarum
1886 2849 2228 2928 claritate,
2261 2859 2333 2916 et
2360 2851 2519 2916 Deo
2547 2852 2770 2917 servi-

538 2958 675 2998 nem,
694 2960 743 2999 of
858 2951 1123 3014 entium
1166 2950 1721 3033 multiplicitate:
1775 2943 1973 3032 ²post
1997 2957 2289 3014 mortem
2329 2951 2482 3035 ejus
2533 2971 2650 3016 res
2701 2960 2771 3017 et

535 3021 756 3101 A·D‘ss‘2¹⁷'⁵·
858 3069 1017 3133 spes
1049 3048 1438 3132 Anglorum
1466 3058 1654 3117 retro
1683 3050 2052 3132 sublapsae.

1881 3143 1924 3190 a»

1062 3243 1156 3289 DE
1201 3244 1624 3292 EADWARDO
1669 3242 2000 3292 SECUNDO
2047 3243 2136 3288 ET
2181 3242 2566 3292 MARTYRE.

532 3373 738 3413 mamm
757 3373 832 3414 the
960 3351 996 3434 ξ
1030 3351 1183 3415 161.
1232 3351 1441 3416 Anno
1482 3351 1868 3415 Dominicae
1913 3349 2412 3414 incarnationis
2455 3369 2764 3433 nongen-

531 3434 753 3516 siffis.
856 3450 1102 3515 tesimo
1170 3452 1683 3535 septuagesimo
1757 3452 2024 3533 quintu,
2108 3449 2494 3514 Edwardus
2585 3451 2762 3514 filius

858 3551 1115 3634 Edgari
1147 3571 1440 3633 regnare
1474 3551 1710 3635 coepit,
1756 3559 1827 3617 et
1871 3551 2092 3614 tribus
2137 3550 2340 3614 annis
2379 3558 2450 3614 et
2478 3550 2758 3615 dimidio

854 3643 1199 3733 potestate
1228 3653 1492 3735 potitus
1523 3658 1654 3715 est.
1735 3650 1944 3714 Illum
1968 3650 2405 3727 DunstanuS,
2433 3657 2504 3714 et
2529 3651 2758 3716 caeteri

854 3752 1161 3835 episcopi
1190 3751 1660 3828 consentanei,
1693 3749 1914 3832 regali
1947 3750 2245 3814 culmine
2275 3750 2754 3827 sublimarunt,

854 3859 1097 3916 contra
1126 3853 1556 3917 voluntatem
1591 3850 2047 3940 quorundam,
2077 3856 2160 3913 ut
2194 3850 2416 3925 aiunt,
2463 3851 2752 3934 optima-

921 4182 939 4214 ¹
964 4184 1149 4233 Merito
1186 4184 1346 4247 erga]
1382 4183 1441 4234 S.
1466 4184 1526 4234 C.
1565 4182 1637 4232 D.
1672 4182 1773 4244 E.;
1828 4144 2746 4282 ΕᾶἶίἓἝὶθἯωέζωΤξξιᾘγὲΰέ

849 4256 1089 4316 Namque
1112 4269 1229 4316 non,
1254 4253 1317 4303 A.
1344 4254 1407 4306 L.
1823 4289 1971 4351 huy,
1991 4288 2132 4339 AJ),
2157 4291 2273 4338 975,
