3023 5045
793 444 882 510 12
1241 460 1470 510 casm
1521 460 1775 508 ancum
1823 457 2249 510 Anononum.
2443 441 2613 525 [un.
2646 455 2690 502 1.

461 647 662 698 Hengoet
867 617 986 703 §7.
1039 617 1319 684 Interea
1350 618 1765 700 Hengistus,
1796 637 1935 682 non
1974 616 2200 680 minus
2230 634 2391 680 acer
2411 609 2693 695 ingenio

463 701 591 790 ἓξὲξ
607 701 748 793 02⁰2„
790 737 999 800 quam
1031 719 1261 785 alacer
1305 720 1379 783 in
1423 719 1688 802 praelio,
1726 719 1995 801 aliquos
2043 737 2135 782 ex
2174 716 2321 780 suis
2350 713 2525 801 (non
2571 713 2694 776 ab·
2723 791 2732 798 ,

463 805 764 852 mumma.
793 826 1048 884 nuente
1077 816 1274 905 rege)
1303 821 1603 904 patriam
1648 818 1961 896 remittit,
1990 818 2111 900 qui
2140 816 2323 898 regis
2353 823 2425 879 et
2453 812 2695 896 populi

789 918 1133 997 inertiam,
1201 920 1447 984 insulae
1524 919 1951 1002 opulentiam
2008 923 2388 1000 exponant,
2460 912 2697 996 ampla

463 1046 766 1088 neit-mvn
789 1020 1024 1084 venire
1054 1019 1442 1086 volentibus
1480 1021 1768 1102 praemia
1810 1024 2225 1103 proponant.
2324 1016 2445 1084 Illi
2494 1033 2695 1078 man-

465 1099 688 1199 ἷιῖῗιιὲιιῖἒῗ
704 1149 754 1189 οι
789 1113 984 1184 data¹
1000 1120 1322 1203 gnaviter
1338 1129 1801 1204 exequuntur,
1817 1120 2147 1201 brevique
2164 1136 2319 1181 cum
2340 1114 2695 1182 sexdecim

463 1199 673 1250 namt·
789 1219 1082 1318 navibus
1111 1228 1577 1299 revertuntur,
1621 1220 2037 1285 adducentes
2058 1212 2305 1284 ²filiam
2336 1216 2695 1298 Hengisti,

787 1320 1150 1403 virginem,
1187 1330 1266 1386 ut
1309 1322 1725 1404 accepimuS,
1752 1340 1911 1404 quae
1938 1326 2128 1384 esset
2154 1326 2229 1384 et
2256 1325 2524 1382 naturae
2560 1316 2696 1380 mi-

790 1421 1097 1485 raculum
1117 1428 1188 1486 et
1203 1422 1506 1488 virorum
1538 1420 2031 1504 spectaculum.
2099 1419 2467 1500 Regressis
2488 1416 2701 1482 ador-.

789 1528 996 1585 natur
1039 1523 1478 1588 convivium:
1515 1522 1720 1605 jubet
1768 1520 2160 1602 Hengistus
2220 1518 2434 1582 filiam
2490 1516 2692 1598 fungi

789 1621 1136 1703 pincernae
1184 1641 1488 1700 munere,
1550 1630 1630 1687 ut
1688 1622 1872 1703 regis
1928 1619 2395 1685 accumbentis
2452 1617 2693 1683 oculos

789 1730 1127 1804 pasceret.
1231 1722 1386 1788 Nec
1444 1722 1515 1786 id
1570 1722 1831 1786 frustra
1888 1721 2044 1786 fuit.
2148 1719 2335 1784 Nam
2390 1717 2511 1782 ille
2576 1716 2695 1804 (ut
2794 1783 2803 1790 ,

789 1841 1060 1905 Semper
1083 1823 1158 1886 in
1189 1821 1625 1888 foeminarum
1675 1822 1991 1888 decorem
2011 1814 2513 1903 adhinniebat)
2546 1825 2693 1882 sta-

789 1920 915 1985 tim
961 1931 1034 1988 et
1077 1921 1318 1988 formae
1363 1924 1594 2005 gratia
1634 1930 1708 1987 et
1752 1930 2072 2005 gestuum
2122 1919 2470 2002 elegantia
2526 1910 2691 1982 sau-

791 2021 1015 2086 ciatus
1056 2023 1386 2100 animum,
1413 2023 1723 2107 potiendi
1750 2023 1983 2105 puella
2002 2041 2200 2104 spem
2242 2019 2532 2096 imbibit,
2565 2038 2691 2082 nec

713 2124 721 2131 '
792 2120 1061 2187 distulit
1126 2124 1294 2206 quin
1355 2123 1635 2207 nuptias
1693 2130 1960 2205 peteret
2019 2128 2289 2205 patrem
2342 2120 2691 2185 volentem

439 2299 446 2306 ,
791 2241 1082 2304 cogens:
1158 2225 1308 2307 ipse
1359 2226 1541 2288 enim
1586 2232 1745 2288 astu
1797 2223 2017 2306 primo
2065 2241 2321 2303 negare
2365 2227 2507 2284 tam
2560 2219 2689 2283 hu-

469 2345 561 2386 ner
595 2348 745 2388 mm-
792 2323 988 2388 miles
1017 2324 1295 2406 nuptias
1327 2345 1490 2406 rege
1521 2324 1845 2406 indignas
1866 2322 2217 2404 allegans..
2302 2321 2691 2398 Postremo,

470 2399 758 2500 ἷῧῗηῖἑῖἒω.
793 2424 994 2506 quasi
1021 2431 1379 2506 gravatuS,
1404 2425 1478 2486 in
1503 2424 1917 2488 sententiam
1946 2421 2246 2499 transiit,
2262 2428 2483 2487 totam
2504 2419 2697 2486 Can·-

793 2524 964 2588 tiam
992 2545 1120 2607 pro
1147 2545 1428 2590 munere
1471 2524 1841 2608 accipienS,
1874 2524 1993 2589 ubi
2008 2524 2417 2608 jamdudum
2462 2522 2689 2595 omnis

785 2623 1065 2707 justitia
1130 2627 1260 2689 sub
1299 2624 1661 2708 cujusdam
1718 2618 1741 2656 ³
1754 2624 2045 2707 gorongi
2095 2624 2458 2689 laborabat
2508 2623 2698 2705 regi-
2744 2710 2749 2715 ⁸

793 2724 1001 2801 mine,
1031 2725 1154 2807 qui
1178 2733 1410 2791 tamen
1438 2726 1620 2790 sicut
1644 2744 1880 2789 omnes
1908 2724 2130 2806 reguli
2149 2724 2396 2789 insulae
2425 2720 2693 2788 Worti-

795 2824 991 2905 gerni
1017 2826 1633 2891 substernebantur
1660 2824 2115 2891 monarchiae:
2163 2844 2289 2888 nec
2325 2829 2693 2888 contentus

795 2924 927 2987 hac
974 2923 1386 2991 liberalitate
1429 2926 1789 3003 barbarus,
1835 2924 1954 2989 sed
2002 2925 2295 2989 abutens
2337 2923 2520 3004 regis
2562 2923 2692 2985 im-

795 3025 1187 3106 prudentia,
1225 3026 1598 3109 persuadet
1638 3026 1743 3091 uti
1770 3044 1816 3089 a
1851 3023 2230 3090 Germania
2256 3017 2578 3088 *fratrem
2622 3029 2695 3087 et

797 3124 1012 3188 filium
1052 3126 1330 3191 virtutis
1372 3127 1561 3192 viros
1606 3132 1870 3203 evocet,
1910 3144 2120 3189 scena
2162 3123 2568 3206 composita,
2614 3129 2695 3187 ut

797 3225 961 3307 quia
1003 3224 1151 3307 ipse
1185 3227 1272 3290 ab
1320 3227 1585 3290 oriente
1629 3225 2051 3308 provinciam
2090 3224 2561 3303 defensitaret,
2590 3222 2697 3286 illi

800 3343 1074 3408 quoque
1116 3327 1205 3389 ab
1237 3327 1561 3410 aquilone
1602 3325 1880 3391 Scottos
1922 3324 2339 3391 fraenarent:
2387 3323 2489 3388 ita
2530 3343 2695 3405 rege

796 3424 1206 3489 connivente
1259 3426 1394 3509 ipsi
1433 3425 2061 3513 (circumnavigata
2106 3420 2508 3509 Britannia)
2556 3422 2699 3487 Or·-
2756 3420 2772 3437 ³

867 3648 886 3681 ¹
915 3650 1156 3699 Gnaviter
1174 3650 1521 3715 acquantum]
1555 3649 1622 3699 A.
1652 3650 1721 3699 D.
1773 3650 2097 3711 Romwenna‚
2130 3650 2224 3697 but
2257 3649 2311 3697 in
2348 3648 2432 3698 the
2467 3652 2579 3699 text
2612 3648 2697 3699 the

799 3722 866 3772 E.
890 3722 952 3771 L.
977 3722 1090 3783 M.;
1124 3722 1354 3783 gnaviter
1384 3722 1607 3782 executi,
1630 3720 1721 3782 ἃς
1771 3734 1915 3769 name
1938 3720 1982 3768 is
2004 3718 2228 3768 omitted.

799 3792 1099 3853 generaliter
1119 3791 1340 3851 executi,
1366 3791 1426 3839 C.
1841 3787 1862 3817 ³
1879 3790 2146 3853 Garama]
2162 3790 2286 3837 This
2301 3789 2445 3839 word
2459 3789 2553 3839 has
2568 3791 2695 3839 been

867 3859 890 3893 2
925 3861 1112 3910 Filiam
1143 3860 1430 3924 Hengisti]
1481 3859 1721 3921 Geoffrey
1769 3859 2055 3923 frequenti-y
2083 3859 2335 3909 mistaken
2359 3859 2436 3911 sor
2458 3875 2491 3909 a
2512 3875 2696 3922 proper

799 3930 857 3980 of
887 3931 1184 3981 Moumouth
1218 3931 1266 3979 is
1299 3932 1384 3980 the
1421 3932 1530 3979 first
1551 3930 1723 3979 writer
1768 3944 1930 3979 name.
1981 3930 2205 3979 Camden
2224 3930 2415 3979 defines
2435 3932 2478 3978 it
2497 3946 2532 3982 a
2552 3931 2696 3982 Guo·

796 4001 916 4049 who
937 4002 1078 4064 gives
1100 4001 1184 4049 the
1201 4015 1346 4050 name
1368 4001 1428 4049 of
1445 4001 1722 4063 Hengest’s
1769 4013 1995 4062 rung—a
2014 4001 2299 4061 viceroy,or
2309 4000 2415 4049 free
2430 4016 2564 4051 man.
2598 4003 2693 4050 See

796 4070 1074 4132 daughter:
1111 4070 1174 4119 he
1197 4071 1323 4119 calls
1357 4071 1448 4121 her
1476 4073 1721 4133 Rnnwen,
1770 4068 1949 4120 Camd.
1984 4070 2112 4119 Brit.
2146 4072 2243 4121 col.
2271 4075 2385 4132 187,
2420 4071 2544 4120 edit.
2566 4072 2694 4121 Gib-

796 4154 830 4189 a
881 4155 1027 4189 name
1063 4141 1132 4199 by
1169 4155 1233 4189 no
1277 4154 1450 4189 means
1494 4155 1721 4189 common
1768 4154 1876 4201 son,
1910 4141 2071 4189 Lond.
2100 4144 2246 4189 1695.

795 4225 978 4273 among
1000 4210 1083 4258 the
1105 4210 1508 4273 Anglo-SaimnS.
1544 4211 1606 4258 In
1620 4210 1721 4260 Ca·
1841 4208 1860 4237 ⁴
1881 4210 2111 4259 Fratrem
2132 4202 2405 4276 etfilium]
2432 4210 2572 4261 Otha
2592 4211 2692 4262 and

831 4282 957 4345 italo
981 4280 1226 4343 Historiae
1264 4281 1454 4330 Nennii
1489 4278 1719 4345 (xxxv1.)
1768 4280 1946 4331 Ebusa
1967 4295 2101 4329 were
2140 4280 2225 4329 the
2260 4294 2434 4329 names
2463 4280 2527 4329 of
2553 4281 2693 4331 Hen-

794 4297 878 4400 ἴδε
899 4350 1152 4414 daughter
1167 4352 1225 4401 of
1237 4351 1472 4413 Hengest
1491 4351 1538 4401 is
1554 4350 1715 4402 called
1766 4352 1921 4412 gest’s
1944 4350 2144 4401 brother
2162 4350 2265 4401 aad
2286 4364 2394 4402 sou.
