3023 5045
527 1003 644 1064 DE
685 1003 976 1065 GESTIS
1020 1003 1330 1064 REGUM
1375 1005 1871 1066 ANGLORUM

873 1187 1092 1237 LIBER
1123 1189 1523 1238 SECUNDUS.

64 163 67 234 1

61 465 66 588 ἑ

301 787 918 870 WILLELMI
982 747 2087 874 MALMESBIRIENSIS

58 1419 61 1556 ᾗ

705 1496 977 1544 INCIPIT
1027 1497 1241 1544 LIBER
1287 1496 1691 1545 SRGUNDUS.

869 1661 1366 1730 UPERIORI
1400 1665 1735 1728 volumini
1770 1665 1879 1728 hic
1921 1667 2153 1732 termi-
2183 1691 2404 1740 Ecgberht‚

907 1783 1038 1828 nus
1082 1765 1384 1841 obvenit,
1429 1766 1551 1847 qui
1594 1772 1894 1849 quatuor
1940 1785 2157 1847 regna
2179 1741 2369 1832 ξῧῖξεὲἱ.

786 1876 793 1885 ’
908 1865 1292 1929 Britanniae
1343 1866 1416 1928 in
1471 1885 1684 1928 unum
1746 1873 2153 1933 coarctaret.

790 1964 793 1965 ⁷
909 1964 1128 2050 Cujus
1155 1966 1488 2048 potentiae
1521 1973 1764 2030 auctor
1792 1960 2155 2048 ¹Egbirht-

905 2085 1013 2144 uS,
1056 2066 1240 2148 regis
1288 2065 1438 2130 Inae
1468 2065 1556 2130 de
1584 2066 1796 2133 fratre
1837 2067 2154 2149 Inegildo

903 2167 1234 2248 abnepoS,
1283 2166 1515 2250 amplo
1565 2167 1748 2250 apud
1793 2187 1957 2232 suos
1999 2168 2154 2233 loco

905 2273 1138 2344 natuS,
1165 2275 1237 2331 et
1258 2267 1558 2348 ingenue
1589 2268 1922 2332 educatus
1953 2287 1996 2332 a
2024 2289 2151 2350 pu·

246 2367 461 2445 eritia,
505 2369 687 2433 inter
715 2367 1270 2436 west-Saxones
1297 2367 1597 2433 emicuit.
1704 2367 2153 2434 continuatio

248 2468 576 2535 virtutum
597 2469 903 2535 incendit
923 2467 1255 2535 invidiam
1278 2488 1295 2548 ;
1347 2474 1442 2547 et,
1466 2468 1651 2553 quod
1674 2468 1813 2534 sere
1837 2488 1880 2534 a
1902 2477 2153 2537 natura
2262 2548 2283 2563 ⁶

247 2578 718 2657 comparatum
745 2578 856 2635 est
883 2577 962 2634 ut
994 2588 1192 2652 reges
1228 2570 1465 2665 iniquo
1509 2571 1764 2634 intuitu
1810 2571 2153 2654 aspiciant

248 2673 303 2735 si
335 2692 512 2757 quos
544 2673 617 2735 in
645 2692 838 2756 spem
871 2671 1068 2753 regni
1096 2660 1489 2735 adolescere
1510 2671 1816 2749 videant,
1850 2671 2146 2735 Brihtri-

245 2792 387 2851 cus,
414 2766 531 2837 ²ut
558 2772 965 2855 praedictum
994 2778 1123 2847 est,
1171 2778 1568 2853 suspectum
1595 2771 1856 2836 habens
1887 2792 2146 2836 memo-

244 2873 478 2939 randae
508 2873 758 2937 indolis
779 2873 1133 2958 juvenem,
1164 2892 1205 2935 e
1233 2871 1456 2936 medio
1492 2871 1735 2937 tollere
1766 2874 2141 2954 cogitabat.

246 2973 451 3053 Quod
513 2973 894 3056 Egbirhtus
953 2971 1430 3055 praesentienS,
1491 2972 1580 3036 ad
1642 2972 1868 3037 Offam
1915 2993 2143 3055 regem

243 3074 664 3140 Merciorum
694 3074 862 3156 fuga
894 3074 1134 3156 lapsus
1157 3081 1265 3137 est
1291 3092 1308 3153 3
1339 3092 1544 3156 quem
1575 3072 1736 3136 dum
1766 3072 1884 3137 ille
1904 3073 2145 3138 sedula

240 3174 602 3257 diligentia
654 3175 1119 3252 obumbraret,
1176 3173 1529 3238 consecuti
1584 3180 1750 3238 sunt
1817 3174 2148 3239 Brihtrici

242 3277 474 3339 nuncii
534 3276 654 3359 qui
703 3275 1062 3358 perfugam
1113 3273 1201 3337 ad
1253 3274 1669 3358 supplicium
1731 3282 2141 3357 repeterent,

237 3376 572 3441 habentes
626 3377 699 3439 in
755 3376 1072 3439 manibus
1131 3373 1523 3439 traditionis
1578 3375 1897 3458 pretium.
2000 3373 2143 3440 Ac-

235 3478 526 3542 cedebat
574 3476 759 3560 quod
809 3495 938 3540 suo
988 3476 1136 3557 regi
1187 3469 1382 3539 ³filiae
1425 3475 1643 3557 ipsius
1694 3476 2142 3558 postulabant
2166 3500 2275 3540 Am.
2296 3498 2383 3539 ⁷⁸⁷.

235 3580 542 3663 nuptiaS,
588 3586 669 3642 ut
713 3577 1005 3658 genialis
1051 3576 1230 3639 thori
1276 3574 1503 3639 foedus
1553 3583 1923 3659 perpetuas
1965 3577 2146 3642 inter

233 3699 354 3744 eos
405 3679 790 3745 contineret
833 3676 1195 3741 amicitias
1304 3676 1420 3741 Ita
1474 3675 1656 3752 Offa,
1708 3677 1831 3759 qui
1880 3676 2142 3740 bellicis

230 3781 442 3843 minis
511 3799 652 3843 non
727 3777 1023 3854 cederet,
1097 3776 1185 3841 ad
1267 3776 1639 3840 blanditias
1709 3778 2144 3854 connivente,

302 4018 318 4051 ¹
343 4018 645 4083 Egbirhtus,
675 4016 812 4079 regis
837 4017 938 4065 [πω
969 4017 1028 4064 de
1049 4014 1160 4076 fra·
1213 4015 1447 4065 Wessex.
1522 4014 1617 4063 See
1638 4018 1770 4076 post,
1787 4012 1814 4075 §
1830 4017 1945 4073 116,
1957 4028 2009 4073 p.
2029 4015 2141 4061 172.

225 4098 300 4141 tre
339 4091 571 4153 Inegildo
604 4082 854 4155 abnepos]
908 4085 1162 4148 Ecgberht
1282 4083 1303 4113 ²
1332 4086 1402 4134 Ut
1433 4085 1725 4148 pra-dictum
1761 4081 1875 4143 est]
1932 4084 2065 4145 §43,
2089 4098 2139 4144 p.

225 4179 338 4213 was
360 4162 454 4211 the
477 4176 564 4209 son
585 4158 643 4208 of
669 4156 978 4219 Ealhmund,
1000 4170 1091 4205 son
1111 4156 1169 4205 of
1213 4161 1294 4207 59.

227 4234 385 4297 Eafa,
424 4246 518 4280 son
553 4228 612 4279 of
645 4230 843 4290 Eoppa,
877 4242 968 4277 son
990 4226 1049 4277 of
1079 4227 1161 4276 In·
1283 4224 1303 4253 ³
1327 4225 1477 4290 Filiae
1511 4223 1667 4287 ipsius
1693 4224 2003 4287 postulabant
2024 4238 2144 4287 nup-

225 4306 355 4368 gild,
391 4302 481 4351 the
511 4300 714 4349 brother
745 4297 803 4347 of
831 4299 933 4361 Ini,
965 4298 1090 4359 king
1113 4298 1170 4347 of
1212 4296 1353 4359 tiam]
1387 4296 1482 4344 See
1504 4311 1557 4356 p.
1585 4298 1665 4356 59,
1687 4299 1802 4343 note
1824 4292 1861 4342 ⁶.

1804 4388 1846 4431 L

495 4580 622 4697 «ᾖ,
977 4642 1010 4651 -
