3023 5045
887 501 1018 570 166
1336 515 1565 566 essm
1612 515 1866 566 nucum
1913 513 2341 562 Auemlwm.
2503 497 2673 580 [mn.
2710 513 2792 560 11.

570 699 776 760 cygtun-¹.
889 676 1150 757 timque
1180 673 1408 758 ipsum
1435 667 1454 704 ¹
1470 673 1743 756 glomus
1774 672 2115 754 fulgidum
2160 673 2341 737 sieut
2374 671 2586 756 jubar
2628 671 2804 736 solis

571 761 726 791 '⁸¹⁰³'
893 775 1356 840 coadunatum
1375 781 1483 841 est
1507 782 1732 842 totum
1755 774 1830 837 in
1856 792 2068 837 manu
2088 773 2277 838 illius
2302 792 2320 837 ι
2355 774 2614 855 sieque,
2639 777 2807 854 post

895 875 1030 942 hoc
1084 875 1345 939 factum
1393 873 1728 952 mirabile,
1772 893 2093 940 reversus
2132 880 2241 939 est
2284 874 2567 956 spiritus
2606 891 2807 936 meus

897 977 971 1040 in
1005 995 1292 1058 corpore
1337 993 1491 1040 meo
1518 973 1725 1042 valde
1762 971 1985 1038 fessus
2013 980 2087 1038 et
2114 973 2551 1038 conterritus,
2657 972 2805 1036 De·-

898 1077 1108 1157 nique
1151 1076 1378 1140 sciant
1430 1093 1667 1140 omnes
1718 1071 1973 1160 (velint
2030 1091 2123 1140 an
2166 1070 2425 1157 nolint)
2476 1073 2806 1156 quoniam

899 1174 1277 1240 seeundum
1301 1174 1832 1239 destinationem
1858 1174 1996 1240 Dei
2021 1175 2095 1238 in
2118 1193 2332 1238 manu
2354 1173 2540 1237 illius
2574 1192 2812 1238 rever-

901 1283 1090 1340 tetur
1115 1281 1338 1339 totum
1365 1274 1729 1357 imperium
1749 1274 2261 1340 Romanorum:
2293 1281 2365 1338 et
2392 1273 2578 1355 quod
2600 1291 2814 1355 super

902 1376 1131 1458 ipsum
1187 1394 1328 1438 non
1377 1374 1730 1457 praevaleo
1773 1394 2005 1456 agere,
2057 1375 2499 1457 praeripiente
2540 1392 2651 1438 me
2697 1393 2814 1437 ar-

905 1474 1122 1539 ticulo
1150 1474 1540 1538 vocationis
1583 1493 1780 1552 meae,
1815 1474 2035 1552 Deus,
2082 1474 2203 1556 qui
2230 1476 2547 1540 vivorum
2588 1473 2811 1537 domi-

909 1582 1119 1639 natur
1176 1581 1248 1639 et
1307 1581 1759 1650 mortuorum,
1820 1574 1993 1640 illud
2042 1573 2355 1657 perficiet
2420 1582 2492 1638 et
2556 1572 2811 1638 confir·

907 1676 1164 1753 mabit3
1211 1673 1411 1758 cujus
1462 1681 1800 1740 aeternum
1852 1681 1925 1740 et
1972 1675 2467 1758 sempiternum
2517 1693 2811 1755 regnum

908 1781 1270 1858 permanet
1297 1775 1448 1838 sine
1475 1774 1613 1838 fine
1636 1774 1713 1838 in
1738 1775 1975 1842 secula
2000 1775 2409 1840 seculorum.
2514 1772 2793 1838 Amen.’

985 1875 1020 1958 ᾗ
1042 1875 1116 1938 1]
1129 1867 1595 1939 2.2Visionem
1612 1875 1843 1952 istam,
1864 1882 1936 1942 et
1953 1895 2322 1956 regnorum
2344 1874 2812 1958 partitionem,

912 1974 1144 2040 verbis
1167 1974 1416 2057 quibus
1445 1967 1742 2057 ³scripta
1767 1974 2027 2052 inveni,
2056 1975 2170 2039 hic
2190 1969 2543 2059 *apposuL
2650 1973 2813 2038 Hoc

587 2101 699 2141 A.D.
718 2101 808 2140 aas.
917 2093 1084 2156 ergo
1122 2073 1388 2138 Karolo
1421 2067 1582 2140 ⁵vix
1611 2075 1879 2140 duobus
1928 2075 2132 2140 annis
2163 2082 2511 2157 potestate
2541 2073 2819 2157 integra

594 2196 766 2297 ἓξὲξ
782 2197 879 2288 jen
914 2175 1184 2257 imperii
1211 2181 1283 2240 et
1313 2175 1511 2256 regni
1543 2173 1808 2251 functo,
1838 2169 2209 2241 ⁶suecessit
2234 2176 2309 2241 in
2342 2192 2559 2258 regno
2583 2173 2818 2238 Karo-

593 2297 681 2335 898.
915 2273 1052 2351 lus,
1091 2275 1276 2339 filius
1311 2274 1498 2339 illius
1544 2274 1897 2342 Lodowici
1928 2277 2048 2358 qui
2086 2276 2284 2359 apud
2314 2274 2819 2358 Compendium

592 2401 705 2442 A.D.
723 2403 812 2440 919.
915 2375 1104 2440 obiit.
1211 2373 1352 2440 Hie
1389 2381 1497 2442 est
1527 2373 1835 2441 Karolus
1878 2377 1997 2458 qui
2026 2375 2241 2441 filiam
2276 2375 2606 2440 Edwardi
2633 2373 2820 2457 regis

916 2473 1304 2557 Anglorum
1331 2494 1623 2541 uxorem
1657 2474 1885 2554 duxit,
1918 2466 2275 2560 ⁷deditque
2312 2474 2819 2541 Normanniam

914 2576 1204 2641 Rolloni
1252 2595 1410 2640 cum
1453 2576 1599 2639 filia
1641 2594 1771 2641 sua
1794 2574 2019 2655 Gisla,
2048 2597 2206 2661 quae
2234 2584 2421 2641 esset
2443 2596 2571 2641 vas
2601 2576 2819 2659 paciS,

915 2669 944 2733 .⁸
953 2676 1386 2758 pigneratrix
1424 2675 1724 2739 foederis·
1829 2674 1933 2741 At
1969 2697 2134 2743 vero
2190 2677 2265 2741 in
2321 2676 2613 2761 imperio
2664 2695 2820 2741 suc·

992 2855 1010 2886 ¹
1055 2852 1304 2926 Glanum]
1340 2858 1482 2906 With
1522 2859 1625 2908 this
1662 2874 1849 2920 exeep—
1900 2860 2127 2921 Rheimn,
2147 2862 2268 2911 2⁷th
2279 2862 2402 2912 Jan.
2420 2865 2535 2911 893.
2588 2862 2678 2911 He
2700 2878 2827 2912 mar-

913 2930 1046 2989 tion,
1069 2928 1085 2955 ‘
1105 2928 1321 2989 glomus'
1362 2929 1408 2977 ie
1442 2931 1643 2977 written
1679 2928 1731 2976 in
1764 2927 1849 2977 the
1896 2930 2006 2977 ried
2017 2930 2335 2993 Eadgiva,or
2349 2932 2609 2994 Eadgyfu,
2623 2933 2825 2995 daugh-

921 2999 1202 3047 maseuline
1225 2997 1415 3060 gender
1433 2998 1745 3060 throughout
1764 2998 1849 3047 the
1897 3004 1975 3047 ter
1994 3000 2053 3048 os
2078 3001 2367 3051 Eadweard
2388 3002 2475 3051 the
2496 3002 2677 3065 Rider,
2698 3004 2821 3065 king

925 3070 1107 3117 vision.
1176 3069 1272 3117 See
1294 3072 1411 3117 note
1433 3065 1474 3130 ⁴,
1496 3068 1645 3119 infra.
1899 3069 1958 3118 of
1990 3071 2245 3134 England‚
2264 3072 2407 3122 A.D.
2428 3076 2562 3132 9193
2595 3074 2701 3122 and
2720 3073 2817 3122 had

994 3134 1017 3165 ²
1047 3137 1292 3187 Visionem
1333 3137 1480 3187 istam
1528 3174 1541 3189 .
1580 3173 1594 3187 .
1633 3174 1648 3187 .
1692 3136 1853 3187 verbis
1900 3141 1967 3200 by
2000 3139 2091 3188 her
2121 3156 2155 3190 a
2191 3156 2299 3202 son,
2335 3142 2639 3192 afterwards
2669 3144 2824 3193 Louis

926 3207 1101 3270 quibus
1121 3208 1306 3270 empta
1327 3204 1537 3276 inveni]
1564 3208 1660 3258 See
1684 3213 1802 3257 note
1814 3205 1853 3272 ⁸,
1899 3210 1994 3259 IV.
2011 3209 2138 3274 king
2159 3211 2219 3260 of
2234 3212 2446 3276 Franco,
2466 3214 2636 3263 called
2658 3214 2821 3263 d’Ou·

928 3293 984 3339 p.
1010 3280 1123 3326 160.
1898 3285 2098 3331 tremer.
2180 3282 2244 3331 In
2276 3283 2415 3333 June
2465 3287 2565 3334 923
2616 3284 2683 3335 he
2715 3297 2823 3333 was

998 3344 1020 3376 3
1042 3345 1285 3409 Scripta.]
1323 3346 1381 3398 S.
1409 3349 1467 3398 G.
1491 3349 1558 3399 E.
1582 3348 1645 3399 L.
1662 3364 1679 3410 ς
1694 3348 1853 3410 scrip·
1900 3350 2047 3399 made
2068 3352 2296 3413 prisoner
2313 3354 2385 3415 by
2408 3353 2651 3416 Herbert,
2673 3358 2823 3404 count

925 3419 1050 3479 tam,
1070 3414 1138 3465 A.
1162 3417 1232 3465 D.
1256 3417 1334 3466 M.
1900 3419 1958 3469 of
1980 3419 2309 3485 champagne
2338 3424 2438 3472 and
2459 3424 2826 3484 Vermandoi33

1002 3484 1023 3515 ⁴
1049 3485 1312 3551 Apposui]
1349 3487 1406 3537 S.
1439 3489 1498 3538 C.
1534 3489 1603 3537 D.
1629 3489 1693 3537 E.
1718 3488 1849 3537 L.—
1901 3491 2000 3540 and
2038 3492 2160 3541 died
2192 3494 2245 3541 in
2276 3494 2449 3554 prison
2484 3498 2539 3543 at
2574 3495 2825 3557 Peronne,

927 3554 1079 3604 After
1098 3559 1113 3583 ‘
1130 3557 1383 3619 apposui‚'
1401 3557 1470 3609 A.
1486 3559 1637 3608 reads
1668 3561 1684 3587 ⁴
1702 3558 1852 3607 Unde
1900 3576 1964 3610 on
1995 3561 2080 3610 the
2104 3562 2191 3610 Yth
2213 3563 2271 3612 of
2287 3561 2528 3627 October,
2549 3565 2691 3617 A.D.
2708 3569 2825 3617 929.

930 3629 982 3673 et
1025 3627 1292 3688 glomerem
1327 3630 1609 3677 masculino
1653 3643 1853 3692 genere,
1970 3626 1993 3663 ⁷
2030 3632 2275 3696 Deditque
2318 3634 2675 3685 Non-manniam
2709 3636 2831 3685 Rol-

928 3696 1064 3744 eieut
1084 3697 1137 3745 in
1157 3697 1435 3759 exemplari
1456 3704 1688 3762 corrupte
1700 3698 1853 3747 habe·
1898 3701 2041 3765 loni]
2088 3703 2264 3752 About
2304 3704 2390 3753 the
2433 3720 2559 3767 year
2593 3710 2710 3767 912,
2736 3705 2828 3754 the

928 3767 1097 3828 batur,
1117 3767 1307 3829 posui!
1901 3771 1951 3819 N
1954 3786 2153 3822 ormans
2173 3774 2355 3823 settled
2376 3775 2430 3823 in
2447 3777 2709 3837 Neustria,
2722 3776 2829 3824 and

999 3834 1022 3863 ⁶
1052 3838 1156 3887 Vix
1174 3837 1358 3886 duobus
1375 3838 1520 3886 annis
1542 3874 1556 3888 .
1574 3874 1587 3888 .
1609 3837 1853 3902 .suncto.]
1902 3840 2115 3891 Charles
2149 3845 2408 3895 bestowed
2450 3845 2533 3895 his
2576 3845 2829 3909 daughter

931 3904 1146 3957 Chai-les
1157 3907 1248 3956 did
1260 3913 1348 3956 not
1361 3910 1562 3958 survive
1576 3913 1679 3958 two
1688 3924 1856 3972 yeme,
1904 3911 2069 3974 Gisle,
2085 3927 2142 3961 or
2154 3913 2368 3978 Giselle‚
2381 3931 2521 3978 upon
2537 3916 2701 3978 Rollo,
2714 3916 2827 3965 first

932 3977 1034 4025 and
1061 3978 1181 4027 died
1202 3993 1266 4027 on
1288 3978 1373 4027 the
1391 3978 1510 4027 l2th
1544 3995 1601 4028 or
1623 3979 1743 4027 leth
1763 3980 1856 4029 Ja-
1902 3980 2042 4031 duke
2065 3982 2123 4031 of
2141 3984 2460 4048 Normandy,
2482 4002 2620 4048 upon
2652 3986 2827 4035 eondi-

931 4061 1113 4109 nuary‚
1134 4048 1275 4097 A.D.
1300 4052 1415 4097 888.
1902 4052 2007 4100 tion
2016 4051 2157 4103 ofhis
2170 4056 2463 4119 embraeing
2475 4055 2828 4117 Christianity.

1000 4113 1021 4145 ⁶
1043 4118 1290 4167 cheuit
1325 4119 1380 4167 in
1411 4133 1563 4179 regno
1596 4120 1855 4183 Kar-olus]
1974 4120 1997 4152 ⁸
2018 4122 2351 4185 Pigneratrix
2363 4125 2613 4187 ,ἠιὼν-ἐι]
2652 4126 2711 4175 In
2746 4128 2826 4175 al-

931 4182 1164 4250 charles,
1197 4188 1362 4237 called
1385 4188 1458 4236 Le
1490 4189 1699 4251 Simple,
1720 4196 1857 4251 post·
1903 4190 2068 4240 lusion
2105 4196 2384 4258 seemingly
2404 4202 2458 4246 to
2486 4198 2570 4246 the
2598 4206 2738 4247 name
2770 4196 2834 4245 os

928 4254 1145 4306 humone
1177 4270 1267 4305 son
1296 4258 1354 4306 of
1381 4258 1541 4307 Leuis
1571 4260 1623 4308 le
1657 4258 1857 4322 Begue‚
1905 4260 2161 4313 Charles's
2195 4266 2449 4329 daughter
2492 4268 2653 4330 Gisle,
2692 4268 2730 4317 i.
2775 4282 2827 4317 e.
2977 4302 2978 4323 ι

927 4339 1038 4376 was
1070 4328 1304 4377 crowned
1336 4328 1462 4389 king
1493 4329 1553 4377 of
1576 4329 1769 4381 France
1803 4335 1858 4381 at
1902 4330 1919 4359 ‘
1935 4334 2157 4396 pledge!
