3023 5045
295 497 588 578 12113.11.]
737 514 965 564 cusu
1011 514 1264 564 nucum
1314 515 1745 566 Anononuu.
2071 502 2203 568 345

297 676 524 758 magis
564 695 798 740 amore
833 694 1044 758 quam
1078 682 1342 740 terrore
1375 695 1533 740 cum
1568 675 1903 761 subjectis
1947 696 2197 758 agere3

295 776 778 859 delinquentes
836 777 995 859 plus
1054 776 1280 840 verbis
1333 796 1543 858 quam
1591 777 1991 842 verberibus
2040 798 2199 860 pre·-

298 892 484 940 mere
511 897 528 956 ;
577 877 824 940 urbani
869 896 912 940 a
950 877 1471 958 peregrinorum
1515 875 1983 955 infestatione,
2014 897 2057 941 a
2086 898 2199 942 ra-

294 977 464 1059 pina
508 996 888 1054 sacrorum,
920 985 1294 1041 cessarent.
1398 975 1721 1042 Alterum
1761 996 1913 1042 esse
1955 987 2201 1044 contra

297 1083 645 1154 naturam,
703 1084 784 1142 ut
844 1077 963 1140 ille
1020 1077 1140 1160 qui
1195 1079 1543 1141 communi
1595 1085 1991 1142 vesceretur
2040 1099 2199 1144 aere

297 1197 437 1240 non
497 1178 844 1242 communi
892 1177 1238 1242 frueretur
1295 1196 1510 1259 pace:
1579 1177 1976 1242 Christiano
2022 1180 2202 1244 inter

298 1275 740 1343 Christianos
787 1278 1028 1354 libere,
1071 1297 1210 1360 quo
1261 1279 1531 1355 liberet,
1576 1278 2197 1360 progrediendum3

295 1377 464 1441 dum
512 1397 751 1442 omnes
791 1379 934 1442 sint
975 1398 1068 1442 ex
1112 1398 1254 1443 uno
1302 1376 1671 1456 famulitio,
1702 1398 1941 1443 omnes
1988 1381 2201 1445 unius

295 1479 662 1560 sanguinis
721 1479 1076 1563 conjuncti
1141 1479 1465 1560 coagulo,
1538 1479 1875 1562 redempti
1951 1481 2197 1562 pretio.

295 1577 621 1644 Alterum
655 1586 900 1644 contra
930 1578 1070 1643 Dei
1114 1579 1470 1656 mandata,
1500 1579 1624 1661 qui
1665 1581 2075 1662 praeceperit
2119 1588 2199 1646 ut

297 1679 422 1763 qui
467 1679 720 1744 altario
767 1679 1166 1744 deserviunt
1205 1679 1291 1743 de
1335 1679 1589 1744 altario
1630 1680 1896 1744 vivant.
2002 1680 2199 1744 Prae-

298 1788 496 1846 terea
542 1781 822 1844 domum
863 1779 1000 1844 Dei
1033 1779 1276 1843 decere
1321 1799 1473 1844 esse
1520 1780 1798 1843 domum
1838 1781 2199 1859 orationiS,

298 1898 440 1944 non
483 1880 884 1964 speluncam
933 1880 1306 1958 latronum,
1349 1899 1490 1944 non
1534 1881 1993 1962 gladiatorum
2040 1901 2198 1945 con-

296 1980 746 2045 venticulum.
883 1979 1376 2045 Permitterent
1435 1979 1823 2044 oblationes
1890 1981 1965 2043 in
2032 2001 2199 2046 usus

299 2082 596 2144 transire
633 2080 1094 2158 sacerdotum,
1127 2080 1240 2144 vel
1286 2081 1360 2144 in
1402 2099 1747 2164 expensas
1792 2099 2197 2164 pauperum.

303 2180 760 2246 Provisurum
787 2199 862 2244 se
888 2180 1028 2244 illis
1059 2199 1236 2262 quos
1267 2187 1543 2262 egestas
1573 2181 1669 2244 ad
1691 2181 1972 2263 rapinas
2011 2201 2199 2246 com-

300 2281 615 2364 pelleret,
661 2287 742 2346 ut
788 2281 1024 2364 aliquo
1071 2280 1360 2344 honesto
1416 2279 1643 2345 officio
1696 2280 1945 2363 stipem
1992 2280 2199 2346 habe-

298 2391 494 2462 rent3
557 2400 736 2467 quos
797 2381 1144 2464 cupiditas
1201 2366 1633 2461 exagitabat,
1682 2382 1815 2463 ipsi
1862 2382 2019 2459 sibi,
2070 2402 2198 2465 pro

302 2482 440 2549 Dei
487 2483 734 2548 timore
791 2488 864 2546 et
927 2481 1142 2547 seculi
1200 2479 1587 2560 honestate,
1644 2481 1920 2545 modum
1983 2501 2199 2565 ponec·
2226 2493 2243 2510 ⁸

301 2591 484 2649 rent.
609 2584 982 2648 Invasores
1044 2582 1494 2647 ecclesiastici
1550 2581 1947 2665 patrimonii
2000 2581 2197 2647 man-

301 2684 486 2751 datis
516 2691 587 2749 et
617 2684 930 2767 epistolis
974 2682 1322 2760 invitavit,
1351 2690 1432 2747 ut
1460 2690 1585 2747 aut
1610 2682 1919 2747 indebita
1957 2684 2197 2749 redde-

300 2794 481 2862 rent,
533 2792 658 2849 aut
705 2804 782 2849 se
820 2783 980 2868 jure
1027 2783 1152 2849 illa
1196 2791 1431 2847 tenere
1475 2784 1551 2847 in
1594 2792 1842 2847 senatu
1879 2784 2198 2849 Romano

300 2886 698 2968 probarent.
804 2883 880 2947 Si
913 2891 1235 2947 neutrum
1272 2882 1602 2961 facerent,
1632 2883 1938 2947 ecclesiae
1984 2904 2197 2949 mem-

299 2987 430 3050 bra
457 3005 534 3050 se
564 3004 704 3049 non
731 3003 883 3049 esse
918 2990 1438 3065 cognoscerent,
1469 2985 1589 3066 qui
1636 2984 1850 3067 capiti
1886 2985 2196 3049 ecclesiae

298 3088 508 3151 beato
546 3086 784 3162 Petro,
831 3092 904 3148 et
949 3084 1103 3169 ejus
1133 3084 1416 3162 vicario,
1463 3084 1905 3149 resultarent.
1993 3084 2200 3149 Talia

297 3185 698 3269 frequenter
725 3185 1200 3262 concionatuS,
1231 3190 1356 3248 aut
1389 3204 1635 3267 parum
1679 3192 1802 3250 aut
1834 3184 2004 3249 nihil
2033 3205 2193 3268 pro-

299 3288 564 3365 ficienS,
621 3285 1082 3351 severioribus
1142 3284 1462 3349 remediis
1520 3286 1907 3350 inveterato
1957 3287 2195 3351 morbo

297 3388 601 3453 tentavit
643 3404 1023 3451 occurrere.
1129 3385 1454 3450 Cauterio
1506 3386 1745 3469 itaque
1798 3406 2193 3451 excommu-

298 3488 666 3553 nicationis
711 3505 950 3550 omnes
1013 3487 1101 3549 ab
1151 3486 1459 3551 ecclesiae
1518 3505 1806 3569 corpore
1878 3486 2194 3564 removit,

300 3587 409 3653 vel
471 3588 593 3671 qui
644 3587 820 3651 talia
870 3587 1202 3664 facerent,
1266 3586 1378 3652 vel
1425 3587 1547 3667 qui
1601 3587 1968 3668 agentibus
2026 3606 2193 3650 con-

297 3689 486 3753 vivio
535 3689 650 3753 vel
700 3688 910 3752 etiam
969 3687 1312 3770 colloquio
1374 3688 1887 3770 participarent.
2011 3686 2212 3773 Haec,

295 3789 414 3853 ille
446 3808 574 3873 pro
606 3808 733 3853 suo
758 3786 982 3852 officio
1012 3788 1183 3852 satis
1229 3788 1507 3869 agebat,
1536 3786 1657 3851 sed
1696 3806 1873 3869 pene
1914 3786 1988 3849 in
2033 3807 2193 3869 per-

299 3889 548 3954 niciem
591 3908 798 3953 versa
841 3887 1218 3967 sedulitas;
1280 3906 1439 3951 nam
1485 3894 1566 3952 ut
1607 3887 1726 3951 ille
1766 3886 1957 3965 dicit,
2002 3894 2021 3921 ‘
2050 3887 2191 3965 Qui

295 4090 470 4173 ligni
497 4090 626 4167 illi,
642 4090 782 4153 levi
805 4089 1272 4153 admonitione
1290 4089 1661 4172 perstricti,
1680 4095 1922 4151 contra
1938 4087 2191 4167 furere,

295 4192 502 4255 minis
530 4209 738 4254 auras
775 4190 1118 4267 territare,
1147 4206 1378 4254 muros
1411 4190 1601 4252 urbis
1647 4189 1855 4251 armis
1899 4189 2191 4252 circum-

296 4312 570 4369 sonare,
600 4291 775 4355 adeo
809 4297 888 4354 ut
933 4310 1108 4372 pene
1146 4308 1399 4372 papam
1442 4290 1938 4354 interimerent.
2042 4286 2191 4353 Ita-
