3023 5045
253 513 386 560 mn.
421 495 540 578 11.]
706 511 936 560 ensi-A
983 511 1240 560 nucum
1287 510 1722 561 Aucmnmu.
2032 498 2165 563 315

353 671 389 755 ς
423 669 578 735 185.
627 675 648 704 ‘
671 663 1082 752 ¹Regnante
1119 669 1194 734 in
1231 676 1645 753 perpetuum
1680 669 2010 749 Domino,
2042 671 2167 753 qui
2189 696 2473 738 caue-,enar

252 791 379 836 sua
421 771 756 836 ineffabili
798 771 1114 855 potentia
1162 769 1396 835 omnia
1433 771 1739 854 disponit
1784 778 1994 855 atque
2038 791 2165 853 gu·
2189 750 2463 850 ἷὲἶιιξῗιιῗω

253 875 528 951 bernat,
571 873 900 956 vicesque
963 878 1354 954 temporum
1409 871 1904 955 hominumque
1958 873 2168 937 mira-

253 973 488 1038 biliter
531 973 955 1049 discernens,
1010 971 1521 1056 terminumque
1570 973 1912 1038 incertum
1958 980 2171 1056 prout

255 1074 410 1138 vult
461 1073 948 1157 aequanimiter
989 1072 1376 1155 imponenS,
1439 1080 1513 1137 et
1558 1073 1646 1137 de
1699 1073 1986 1138 secretis
2041 1094 2169 1139 na·-

254 1181 434 1240 turae
487 1175 836 1258 mysteriis
895 1172 1430 1250 misericorditer
1473 1172 1679 1238 docet
1720 1181 1801 1238 ut
1848 1174 1933 1238 de
1984 1173 2168 1257 fugi-

257 1277 424 1341 tivis
453 1282 526 1340 et
553 1276 702 1340 sine
731 1269 940 1339 dubio
968 1273 1387 1338 transitoriis
1417 1293 1747 1338 mansura
1780 1294 1999 1358 regna
2033 1275 2170 1340 Dei

255 1376 592 1458 suffragio
665 1374 1117 1459 adipiscenda
1188 1381 1370 1438 sunt.
1520 1373 1967 1459 Quapropter
2034 1396 2169 1459 ego

260 1477 453 1542 Cnut
495 1497 623 1541 rex
667 1475 1082 1558 Anglorum,
1128 1483 1676 1559 caeterarumque
1730 1478 2041 1558 gentium
2094 1478 2170 1543 in

259 1578 558 1642 circuitu
600 1577 1118 1660 persistentium
1163 1577 1589 1658 gubernator
1619 1584 1693 1642 et
1722 1585 1975 1655 rector,
2010 1597 2168 1642 cum

259 1673 590 1744 ²²consilio
635 1685 706 1743 et
749 1677 1050 1742 decreto.
1087 1676 1599 1759 archipraesulis
1654 1678 1875 1742 nostri
1926 1678 2167 1743 Ethel-

260 1780 484 1857 nothi,
539 1779 884 1862 simulque
933 1785 1338 1842 cunctorum
1393 1777 1531 1842 Dei
1590 1779 2052 1857 sacerdotum,
2096 1788 2171 1844 et

258 1880 552 1945 consilio
579 1881 992 1964 optimatum
1023 1897 1355 1957 meorum,
1388 1880 1478 1942 ob
1515 1897 1819 1943 amorem
1862 1879 2169 1944 coelestis

257 1981 486 2064 regni,
519 1975 627 2044 ³et
653 1979 1154 2062 indulgentiam
1187 1979 1551 2043 criminum
1584 1986 1915 2059 meorum,
1956 1988 2027 2046 et
2060 2001 2169 2046 re-

256 2082 692 2147 laxationem
752 2081 1224 2164 peccaminum
1275 2073 1548 2146 ⁴fratris
1610 2082 1748 2145 mei
1796 2081 1981 2164 regis
2026 2081 2171 2146 Ed-

259 2183 528 2261 mundi‚
585 2181 890 2246 concedo
941 2181 1252 2246 ecclesiae
1309 2187 1571 2245 sanctae
1625 2181 1760 2246 Dei
1812 2181 2173 2265 genitricis

262 2302 677 2367 semperque
731 2281 1024 2364 virginis
1083 2280 1334 2346 Mariae
1404 2280 1795 2349 Glastoniae
1864 2283 2031 2367 jura
2099 2290 2171 2348 et

261 2382 805 2449 consuetudines
834 2383 910 2446 in
942 2383 1130 2447 omni
1153 2386 1370 2465 regno
1391 2403 1572 2460 meo,
1602 2390 1675 2448 et
1695 2403 1935 2448 omnes
1965 2383 2169 2448 foris-

258 2484 574 2551 facturas
602 2485 912 2550 omnium
937 2490 1280 2569 terrarum
1305 2501 1632 2565 suarum3
1686 2490 1758 2549 et
1788 2484 1930 2551 sint
1963 2491 2167 2551 terrae

261 2587 414 2672 ejus
455 2585 589 2650 sibi
634 2586 870 2651 liberae
911 2592 984 2652 et
1010 2584 1260 2651 solutae
1309 2587 1398 2650 ab
1441 2586 1631 2650 omni
1668 2585 2064 2669 calumpnia
2097 2595 2170 2652 et

259 2687 790 2770 inquietatione,
823 2686 1033 2750 sicuti
1062 2705 1234 2750 meae
1263 2686 1432 2749 mihi
1461 2686 1827 2751 habentur.
1902 2686 2167 2752 Verum

259 2788 430 2852 illud
462 2788 812 2872 praecipue
843 2807 935 2851 ex
965 2786 1460 2869 omnipotentis
1480 2784 1742 2865 Patris,
1773 2793 1845 2851 et
1876 2788 2064 2866 Filii,
2095 2795 2169 2853 et

264 2888 567 2973 Spiritus
611 2887 854 2956 Sancti
882 2888 1324 2965 auctoritate,
1374 2893 1446 2951 et
1488 2894 1843 2971 perpetuae
1872 2888 2167 2969 virginis

263 2989 750 3054 interdictione
817 2987 1173 3071 prohibeo,
1236 2994 1308 3052 et
1364 2988 1707 3053 universis
1772 2988 1969 3071 regni
2030 2989 2166 3053 mei

264 3090 660 3173 praepositis
737 3095 810 3154 et
871 3088 1280 3172 primatibus
1339 3106 1550 3172 super
1610 3108 1809 3153 suam
1867 3088 2181 3154 salutem.

262 3191 620 3274 praecipio,
647 3196 729 3253 ut
759 3189 993 3253 nullus
1022 3189 1302 3252 omnino
1340 3187 1535 3253 illam
1564 3189 1863 3255 insulam
1904 3188 2165 3254 intrare

261 3292 543 3370 audeat,
597 3290 1070 3375 cujuscunque
1129 3288 1388 3354 ordinis
1447 3295 1571 3353 aut
1618 3288 1979 3372 dignitatis
2030 3292 2123 3356 sit
2144 3311 2166 3371 3·

263 3393 384 3457 sed
432 3390 687 3468 omnia,
723 3398 870 3455 tam
913 3389 986 3452 in
1031 3390 1519 3453 ecclesiasticis
1554 3408 1763 3473 quam
1795 3391 1868 3453 in
1896 3391 2171 3457 secula--

262 3493 454 3557 ribus
479 3492 730 3569 causiS,
751 3490 1231 3555 tantummodo
1258 3491 1531 3554 abbatis
1542 3541 1547 3547 .
1549 3490 1889 3575 judicium
1908 3498 1979 3557 et
2000 3511 2165 3555 con-

259 3600 514 3658 ventus
549 3598 944 3676 expectent,
972 3590 1178 3655 sicuti
1205 3590 1748 3673 praedecessores
1776 3592 1912 3656 mei
1950 3610 2165 3657 sanx-

261 3700 469 3759 erunt
503 3701 574 3759 et
617 3692 999 3777 privilegiis
1047 3678 1655 3770 confirmaverunt,
1701 3691 2172 3772 ChentwineS,

327 3982 346 4015 ¹
371 3978 682 4053 Regnum]
715 3985 842 4034 This
873 3984 1074 4033 charter
1107 3998 1194 4033 oc·
1313 3978 1335 4010 ⁸
1379 3984 1452 4031 Et
1495 3982 1856 4045 indulgentiam
1909 3984 2171 4036 criminum

259 4070 380 4105 curs
424 4057 479 4104 in
525 4056 763 4107 Malmes.
796 4056 974 4117 Antiq.
1020 4054 1190 4106 Glast.
1242 4069 1471 4115 meorum,
1492 4058 1544 4103 et
1572 4051 1965 4124 relaxationem]
2003 4057 2176 4107 Omit*

261 4127 407 4176 Eccl.
431 4127 533 4175 and
555 4128 602 4176 is
623 4126 826 4189 printed
855 4127 908 4175 in
930 4125 1084 4189 Gale,
1107 4138 1192 4176 111.
1242 4125 1329 4174 ted
1352 4126 1406 4173 in
1432 4126 1475 4174 C
1496 4128 1545 4175 1.

265 4213 319 4259 p.
345 4201 461 4246 323.
1313 4192 1336 4227 ⁴
1357 4195 1562 4244 Fratris
1598 4195 1691 4244 mei
1713 4195 1851 4257 regis
1873 4198 2171 4261 Edmundi]

330 4264 353 4297 ²
380 4266 638 4329 Consilia]
683 4269 749 4317 E.
770 4284 785 4329 ;
825 4280 1094 4330 consensu,
1133 4266 1193 4317 S.
1243 4265 1356 4315 ‘Sic
1380 4268 1514 4315 enim
1536 4282 1653 4315 eum
1668 4282 1846 4316 vocare
1863 4268 2042 4316 solitus
2056 4267 2174 4317 fue·

265 4339 325 4388 C.
350 4338 424 4389 D.
677 4383 681 4387 .
1243 4338 1359 4387 rat.'
1387 4338 1484 4387 See
1506 4338 1534 4399 ξ
1560 4341 1675 4400 184,
1696 4352 1785 4399 pp.
1812 4341 1925 4401 313,
1950 4341 2061 4388 314.
