3023 5045
835 505 968 572 364
1274 519 1504 570 cns’rA
1551 519 1807 570 uncum
1856 521 2285 569 ANcLoRUM.
2446 507 2620 589 [mn.
2652 524 2736 572 11.

837 677 1267 742 cantantium
1315 677 1691 742 infirmare.
1794 678 1978 742 Tum
2012 698 2180 743 vero
2228 680 2301 743 vi
2340 679 2581 745 divina
2624 676 2737 744 lu-

835 779 1024 840 mina
1055 777 1408 855 veneficae,
1445 779 1641 842 cavis
1675 779 1957 842 orbibus
2002 775 2269 856 evulsa,
2304 798 2547 845 cruore
2577 801 2737 845 ver-

835 897 992 940 sum
1050 877 1472 960 polluerunt,
1520 883 1541 913 ‘
1567 878 1728 942 Hoc
1789 896 1967 961 opus
2022 898 2262 942 eorum
2318 880 2439 962 qui
2498 879 2735 946 detra-

832 976 1007 1040 hunt
1039 976 1209 1041 mihi
1239 976 1427 1061 apud
1449 978 1854 1055 Dominum,
1882 985 1954 1042 et
1980 979 2102 1061 qui
2132 978 2517 1061 loquuntur
2544 981 2733 1045 mala

835 1077 1171 1141 adversus
1202 1078 1502 1142 animam
1538 1079 1811 1143 meam.’
1918 1077 2206 1143 Cruoris
2242 1080 2446 1162 signa
2480 1086 2731 1144 extant

834 1175 1061 1253 hodie,
1095 1177 1601 1242 immanitatem
1644 1177 2071 1244 mulierculae
2118 1185 2189 1242 et
2224 1178 2362 1242 Dei
2394 1176 2729 1244 ultionem

833 1277 1196 1359 spirantia.
1319 1276 1828 1361 Corpusculum
1886 1279 2115 1342 sancti
2183 1278 2546 1343 celebriter
2612 1299 2729 1344 co-

833 1376 1025 1452 litur,
1076 1396 1204 1440 nec
1244 1377 1430 1441 ullus
1473 1378 1618 1442 fere
1659 1378 1858 1442 locus
1906 1378 1979 1440 in
2034 1376 2299 1459 Anglia
2342 1379 2596 1463 majori
2638 1382 2727 1446 ad

833 1473 1088 1540 festum
1122 1477 1649 1543 adventantium
1683 1485 2058 1542 veneratur
2088 1477 2497 1560 frequentia.
2582 1478 2729 1543 Ex·-

832 1575 967 1658 igit
997 1575 1128 1640 hoc
1172 1583 1243 1640 et
1287 1578 1595 1659 antiquae
1636 1578 2033 1645 sanctitatis
2076 1579 2462 1660 persuasio,
2498 1586 2569 1643 et
2600 1579 2727 1644 mi-

833 1675 1231 1742 raculorum
1259 1679 1503 1742 crebra
1532 1677 1893 1744 exhibitio.

510 1802 572 1842 st.
592 1798 771 1839 wman.
935 1775 1147 1860 §212
1173 1776 1327 1841 Nec
1355 1779 1708 1842 vacabunt
1732 1775 1939 1841 laude
1973 1783 2097 1842 tua
2130 1777 2407 1865 paginae
2442 1784 2724 1856 nostrae,

832 1876 1003 1940 felix
1037 1897 1233 1959 puer,
1269 1871 1627 1942 ¹Wistane
1659 1877 1758 1941 fili
1790 1877 2175 1955 wimundi,
2219 1878 2346 1942 filii
2377 1876 2724 1942 Wihtlafii

834 1977 1021 2057 regis
1066 1971 1521 2055 Merciorum,
1560 1983 1632 2040 et
1683 1976 2092 2042 Ethelfledae
2142 1977 2306 2040 filiae
2360 1975 2723 2042 Chelwulfi

832 2076 954 2157 qui
995 2075 1130 2139 fuit
1173 2083 1465 2158 patruus
1514 2076 1885 2141 Kenelmi:
1934 2086 2028 2156 te,
2076 2078 2384 2160 inquam,
2430 2096 2571 2142 non
2614 2085 2723 2142 ta-

831 2175 1024 2252 cebo,
1059 2195 1264 2258 quem
1300 2175 1657 2240 Bersertus
1690 2184 2031 2259 cognatus
2060 2177 2321 2241 nefarie
2348 2177 2721 2241 interemit.

833 2273 1228 2359 Norintque
1273 2277 1559 2358 posteri,
1612 2278 1673 2340 si
1705 2278 1827 2359 qui
1871 2277 1999 2340 has
2040 2276 2283 2341 literas
2326 2277 2723 2359 cognitione

829 2374 1079 2456 dignas
1113 2375 1462 2454 duxerint,
1491 2376 1663 2440 nihil
1692 2377 1766 2440 in
1797 2377 2032 2441 seculo
2064 2376 2319 2442 indolis
2352 2383 2493 2440 tuae
2529 2377 2726 2442 nobi-

829 2473 1029 2539 litate
1079 2476 1475 2558 gloriosiuS‚
1505 2495 1647 2560 qua
1693 2477 2010 2543 irritatus
2045 2469 2376 2541 ²infestus
2415 2476 2605 2542 lanio
2651 2483 2721 2541 te

828 2575 1382 2657 mortificaverit3
1418 2577 1590 2641 nihil
1622 2578 1694 2641 in
1717 2577 1874 2641 Deo
1899 2578 2206 2661 puritate
2240 2585 2367 2641 tua
2396 2577 2723 2643 innocen-

831 2674 997 2752 tius,
1042 2694 1183 2757 qua
1225 2675 1565 2741 invitatus
1618 2676 1930 2742 internus
1979 2678 2241 2741 arbiter
2277 2683 2346 2741 te
2400 2676 2727 2742 honorifi-

831 2776 1142 2840 caverit:
1190 2795 1350 2839 nam
1395 2776 1577 2841 coelo
1634 2776 1936 2842 demissa
1988 2770 2348 2842 ³columna
2405 2776 2717 2855 lucifera,

831 2874 1201 2957 densaeque
1236 2878 1460 2941 noctis
1504 2876 1906 2960 dirumpens
1937 2876 2177 2959 pallia,
2207 2876 2570 2960 profundae
2606 2896 2721 2941 ca·-

831 2992 980 3037 veae
1037 2976 1263 3039 scelus
1304 2976 1599 3054 detexit,
1644 2978 1987 3041 carnificis
2028 2978 2411 3059 nequitiam
2460 2978 2717 3059 arguit.

832 3071 1277 3161 Quapropter
1291 3076 2061 3161 venerandaereliquiae,
2079 3077 2332 3141 levatae
2350 3084 2719 3159 parentum

829 3172 1077 3252 officio,
1141 3176 1576 3259 Rapendune
1627 3176 1876 3241 locatae
1928 3185 2117 3255 sunt,
2170 3183 2339 3240 tunc
2384 3177 2716 3259 temporis

830 3266 1134 3339 *famoso
1168 3278 1593 3355 monasterio
1624 3296 1642 3357 ;
1684 3296 1869 3340 nunc
1902 3279 2013 3340 est
2045 3276 2215 3341 villa
2249 3277 2525 3341 comitis
2556 3276 2720 3341 Ces-

829 3375 1109 3452 trensiS,
1155 3376 1358 3459 cujus
1392 3376 1617 3458 gloria
1650 3396 1779 3459 pro
1812 3377 1955 3439 situ
1989 3376 2363 3441 vetustatis
2414 3377 2715 3440 exoleta.

830 3473 1040 3538 Nunc
1077 3474 1544 3539 Eveshamum
1588 3474 1960 3555 inhabitas,
2005 3477 2261 3559 dignus
2305 3476 2427 3559 qui
2481 3476 2719 3542 faven-

829 3574 1004 3637 tium
1034 3575 1219 3640 votis
1247 3594 1532 3640 serenus
1566 3575 1955 3657 indulgeas

501 3699 563 3739 st.
585 3699 798 3749 edmund,
929 3674 964 3757 ξ
996 3673 1148 3739 213.
1197 3675 1308 3739 De
1352 3677 1727 3740 sanctitate
1760 3695 2005 3757 regum
2042 3675 2507 3740 Orientalium
2543 3676 2721 3740 Sax-

500 3750 707 3853 ξὲξιῖἒᾶ
827 3792 1039 3837 onum
1105 3782 1177 3839 et
1239 3774 1704 3839 orientanum
1774 3774 2166 3857 Anglorum
2234 3776 2430 3840 Beda
2501 3778 2722 3841 multa

901 4032 916 4063 ¹
948 4033 1235 4097 Wistane.]
1299 4036 1618 4098 Concerning
1673 4035 1747 4083 St.
1871 4032 1893 4065 ⁸
1918 4030 2198 4104 columam]
2238 4036 2307 4088 D.
2326 4037 2391 4086 E.
2416 4036 2511 4096 L.;
2535 4035 2721 4085 colum-

827 4089 1045 4167 wistan,
1061 4106 1749 4169 consultMSS.Har1.22⁵3‚
1802 4102 1885 4168 ba,
1906 4105 1975 4155 A.
2001 4106 2059 4155 s.
2089 4107 2148 4155 c,

831 4175 944 4224 ‘De
969 4174 1218 4237 Martyrio
1239 4177 1291 4226 S.
1305 4176 1562 4225 wistani-³
1874 4174 1893 4203 ⁴
1916 4171 2165 4243 Fumosa]
2218 4175 2275 4225 S.
2316 4176 2376 4227 C.
2411 4175 2481 4225 D.
2518 4176 2585 4225 E.
2625 4170 2718 4233 L.;

895 4243 1132 4305 'Infestus
1146 4246 1318 4311 lania]
1341 4246 1616 4296 A.D.E.L.
1637 4260 1651 4305 ;
1674 4244 1744 4293 in·
1800 4242 1931 4295 after
1952 4246 1967 4274 ‘
1986 4245 2178 4295 famoso
2196 4244 2211 4268 ’
2232 4245 2299 4296 A.
2317 4246 2467 4297 reads
2482 4246 2501 4274 ‘
2516 4246 2647 4295 sicut
2668 4245 2715 4293 in

817 4316 982 4369 festus
999 4318 1144 4379 latro,
1155 4317 1213 4367 S.
1232 4334 1246 4380 ;
1262 4317 1515 4367 infaustus
1532 4314 1743 4379 latro‚C.
1796 4317 1959 4376 primo
1980 4317 2108 4366 libro
2123 4316 2291 4367 dixit:
