3023 5045
1050 509 1438 558 PROLOGUS.
2144 497 2191 562 3

279 661 396 726 nia
465 663 875 748 singillatim
930 665 1026 753 (si
1088 667 1219 732 erit
1275 665 1530 753 otium)
1591 670 1908 752 persequi
1972 669 2185 734 medi-

277 767 548 845 tamur;
596 768 792 849 prius
835 768 920 831 de
962 769 1084 832 illo
1128 768 1516 846 dicendum,
1549 770 1734 851 quod
1778 777 1850 834 et
1878 769 2183 835 adolevit

276 866 616 929 maturius
644 875 716 931 et
740 862 1048 933 ¹exaruit
1075 868 1385 933 celerius,
1490 867 1698 947 Quod
1727 869 2035 952 profecto
2063 871 2183 934 fiet

277 965 694 1046 expeditius,
749 968 810 1032 si
866 988 1083 1050 regna
1139 968 1596 1033 Orientalium
1654 968 2043 1052 Anglorum
2110 978 2180 1034 et

277 1061 738 1130 Orientalium
784 1068 1142 1133 Saxonum
1185 1076 1346 1152 post
1401 1069 1692 1134 aliorum
1737 1077 2007 1152 tergum
2051 1091 2178 1153 po-

274 1181 502 1242 suero,
532 1186 690 1248 quae
719 1176 790 1232 et
817 1175 1059 1233 nostra
1084 1189 1251 1233 cura
1283 1177 1354 1234 et
1383 1177 1813 1253 posterorum
1848 1172 2179 1235 memoria

274 1254 636 1346 ²putamus
664 1269 970 1351 indigna.

371 1365 733 1432 Secundus
781 1370 956 1434 liber
1002 1370 1091 1434 ad
1149 1370 1525 1435 adventum
1607 1367 2171 1434 Normannorum

269 1466 609 1546 producet
632 1469 884 1533 lineam
913 1470 1250 1553 regalium
1277 1479 1685 1553 temporum.

371 1565 550 1631 Tres
597 1569 844 1652 reliqui
880 1571 951 1633 in
998 1572 1212 1652 gestis
1260 1572 1468 1636 trium
1510 1589 1753 1650 regum
1790 1571 2168 1635 versabun-

266 1671 381 1729 tur
406 1688 423 1745 3
473 1667 582 1731 his
613 1669 902 1754 adjectis
928 1690 1084 1753 quae
1117 1671 1357 1734 diebus
1382 1664 1690 1734 ³illorum
1717 1668 1881 1733 alibi
1902 1670 2170 1734 accide-

262 1774 456 1846 runt,
507 1776 579 1834 et
631 1771 966 1834 celebrem
1011 1770 1120 1834 sui
1166 1771 1506 1847 notitiam,
1560 1770 1959 1834 celebritate
2012 1789 2168 1851 ges-

259 1872 521 1947 torum,
574 1869 890 1952 exigunt.
980 1870 1160 1936 Haec
1216 1871 1318 1936 ita
1375 1870 1728 1953 polliceor,
1774 1870 1834 1932 si
1889 1873 2169 1936 conatui

261 1976 508 2033 nostro
537 1969 811 2034 divinus
854 1971 1054 2036 favor
1095 1971 1425 2048 arriserit,
1450 1978 1522 2035 et
1564 1990 1673 2033 me
1717 1977 1971 2051 praeter
2012 1990 2166 2035 sco-

259 2067 468 2149 pulos
543 2069 935 2153 confragosi
1006 2073 1341 2136 sermonis
1419 2069 1753 2146 evexerit,
1825 2069 1915 2134 ad
1990 2090 2167 2153 quos

256 2167 655 2249 Elwardus,
684 2171 846 2234 dum
892 2171 1167 2236 tinnula
1211 2179 1281 2237 et
1327 2170 1755 2235 emendicata
1792 2170 2003 2236 verba
2045 2191 2166 2236 ve-

257 2276 496 2348 natur,
551 2271 1036 2358 miserabiliter
1087 2271 1400 2355 impegit.
1503 2271 1581 2335 Si
1623 2270 1779 2354 quis
1817 2290 2008 2347 vero,
2052 2264 2165 2336 4ut

252 2367 374 2433 ille
419 2371 550 2448 ait,
593 2371 654 2434 si
697 2374 852 2454 quis
886 2373 1037 2436 haec
1068 2391 1343 2455 quoque
1386 2378 1633 2454 captus
1678 2388 1911 2433 amore
1953 2369 2163 2453 leget,

253 2470 435 2535 sciat
475 2491 587 2536 me
631 2470 802 2536 nihil
845 2473 931 2537 de
973 2473 1336 2538 retroactis
1385 2480 1641 2555 praeter
1673 2469 2163 2535 cohaerentiam

254 2590 600 2635 annorum
651 2592 777 2655 pro
821 2593 986 2639 vero
1031 2574 1314 2656 pacisci,
1359 2573 1531 2637 fides
1569 2572 1907 2636 dictorum
1952 2591 2162 2654 penes

256 2679 582 2737 auctores
638 2674 789 2737 erit.
894 2672 1244 2757 Quicquid
1302 2693 1467 2738 vero
1526 2673 1613 2736 de
1668 2671 2161 2736 recentioribus

257 2772 588 2837 aetatibus
627 2774 943 2856 apposui,
972 2774 1081 2838 vel
1136 2774 1287 2857 ipse
1346 2774 1506 2850 vidi,
1551 2771 1663 2838 vel
1695 2790 1740 2835 a
1781 2771 1949 2837 viris
1994 2766 2163 2836 ⁵fide

255 2872 488 2955 dignis
543 2872 798 2939 audivi.
924 2873 1294 2952 Caeterum,
1343 2874 1418 2937 in
1476 2872 1812 2937 utramvis
1869 2879 2161 2954 partem,

253 2973 705 3054 praesentium
724 2993 864 3038 non
886 2974 1349 3057 magnipendo
1368 2974 1707 3058 judicium
1729 2992 1747 3051 ;
1778 2971 2161 3049 habituruS,

253 3080 332 3137 ut
355 3093 590 3156 spem,
621 3075 805 3157 apud
835 3081 1176 3157 posterOS,
1219 3081 1379 3157 post
1402 3075 1759 3138 decessum
1809 3072 2063 3136 amoris
2093 3079 2164 3137 et

253 3172 519 3252 livoriS‚
549 3175 612 3238 si
655 3195 796 3239 non
841 3174 1252 3257 eloquentiae
1297 3174 1598 3252 titulum,
1634 3173 1880 3236 saltem
1924 3172 2159 3235 indus-

251 3274 404 3338 triae
434 3274 936 3340 testimonium.

833 3416 1173 3465 EXPLICIT
1216 3412 1611 3463 PROLOGUS.

324 3664 341 3697 ¹
359 3665 628 3729 Est-aruit]
652 3665 722 3717 A.
739 3666 798 3716 S.
815 3666 885 3716 D.
903 3666 970 3715 Ε.
987 3665 1050 3715 L.
1067 3665 1145 3715 Μ.
1165 3680 1182 3725 ;
1301 3660 1322 3691 ⁴
1351 3665 1423 3713 Ut
1443 3664 1528 3713 ille
1547 3662 1665 3727 ait]

253 3739 402 3800 aruit,
421 3738 484 3787 G.
1171 3776 1178 3781 .
1230 3735 1416 3795 Siquis
1431 3739 1600 3782 tamen
1613 3733 1723 3781 haec
1740 3746 1962 3794 quoque,
1979 3730 2023 3779 si
2040 3731 2158 3792 quis

322 3805 346 3835 ²
375 3809 624 3856 Putamus
649 3806 902 3870 indigum]
927 3806 998 3855 D.
1024 3805 1089 3855 Ε.
1116 3804 1180 3853 Ρ.
1231 3804 1427 3866 Captus
1450 3818 1618 3853 amore
1638 3802 1792 3864 leget.

255 3876 315 3926 L.
351 3879 462 3938 M.;
511 3891 694 3939 parum
725 3882 964 3937 putamus
1007 3874 1183 3937 digna,
1697 3873 1843 3933 Virg.
1869 3869 1983 3919 Ecl.
2008 3882 2080 3919 νι.
2104 3873 2155 3919 9.

255 3947 375 3998 S.c.
391 3946 487 4009 3A.
499 3948 800 4009 incorrectly
807 3947 956 3997 reads
970 3945 1182 4008 ‘digna‚'

253 4019 483 4081 omitting
506 4018 522 4045 ‘
536 4017 756 4080 parum!
1297 4009 1318 4042 ⁸
1330 4012 1457 4062 Fide
1471 4012 1686 4076 dignis]
1704 4009 2118 4061 A.S.D.E.L.M.
2140 4024 2157 4070 ς

321 4085 344 4118 ⁸
365 4088 615 4152 Illorum]
657 4086 725 4138 A.
751 4088 805 4137 S,
819 4088 889 4137 D.
910 4087 972 4137 E.
986 4085 1050 4136 L.
1067 4086 1180 4145 M.;
1225 4084 1413 4147 dignis,
1438 4085 1497 4133 C.

251 4172 443 4222 eorum,
468 4160 530 4209 G.
