<?xml version="1.0" encoding="UTF-8"?>
<!DOCTYPE html PUBLIC "-//W3C//DTD XHTML 1.0 Transitional//EN"
    "http://www.w3.org/TR/xhtml1/DTD/xhtml1-transitional.dtd">
<html xmlns="http://www.w3.org/1999/xhtml" xml:lang="en" lang="en">
 <head>
  <title>
</title>
<meta http-equiv="Content-Type" content="text/html;charset=utf-8" />
  <meta name='ocr-system' content='tesseract 3.04.00' />
  <meta name='ocr-capabilities' content='ocr_page ocr_carea ocr_par ocr_line ocrx_word'/>
</head>
<body>
  <div class='ocr_page' id='page_1' title='image "./willelmimalmesb00unkngoog_0422.png"; bbox 0 0 3023 5045; ppageno 0'>
   <div class='ocr_carea' id='block_1_1' title="bbox 301 467 2206 549">
    <p class='ocr_par' dir='ltr' id='par_1_1' title="bbox 301 467 2206 549">
     <span class='ocr_line' id='line_1_1' title="bbox 301 467 2206 549; baseline 0.001 -18"><span class='ocrx_word' id='word_1_1' title='bbox 301 486 435 534; x_wconf 67' lang='lat' dir='ltr'>nus.</span> <span class='ocrx_word' id='word_1_2' title='bbox 469 469 584 549; x_wconf 88' lang='lat'>11.]</span> <span class='ocrx_word' id='word_1_3' title='bbox 738 483 966 533; x_wconf 74' lang='lat' dir='ltr'>csss&#39;rA</span> <span class='ocrx_word' id='word_1_4' title='bbox 1013 482 1268 532; x_wconf 68' lang='lat' dir='ltr'>nucum</span> <span class='ocrx_word' id='word_1_5' title='bbox 1316 482 1742 531; x_wconf 65' lang='lat' dir='ltr'>Anonolwm.</span> <span class='ocrx_word' id='word_1_6' title='bbox 2072 467 2206 532; x_wconf 78' lang='lat'>385</span> 
     </span>
    </p>
   </div>
   <div class='ocr_carea' id='block_1_2' title="bbox 267 639 2523 3403">
    <p class='ocr_par' dir='ltr' id='par_1_2' title="bbox 295 639 2523 1022">
     <span class='ocr_line' id='line_1_2' title="bbox 297 639 2432 723; baseline 0.003 -21"><span class='ocrx_word' id='word_1_7' title='bbox 297 639 586 704; x_wconf 88' lang='lat' dir='ltr'>nasterii</span> <span class='ocrx_word' id='word_1_8' title='bbox 631 640 742 704; x_wconf 83' lang='lat' dir='ltr'>die</span> <span class='ocrx_word' id='word_1_9' title='bbox 775 639 1238 706; x_wconf 87' lang='lat' dir='ltr'>Innocentum</span> <span class='ocrx_word' id='word_1_10' title='bbox 1269 639 1573 706; x_wconf 87' lang='lat' dir='ltr'>dedicari</span> <span class='ocrx_word' id='word_1_11' title='bbox 1598 641 1953 723; x_wconf 76' lang='lat' dir='ltr'>praecepit.</span> <span class='ocrx_word' id='word_1_12' title='bbox 2058 639 2199 719; x_wconf 86' lang='lat' dir='ltr'>Ita,</span> <span class='ocrx_word' id='word_1_13' title='bbox 2226 668 2367 708; x_wconf 57' lang='lat' dir='ltr'>naath</span> <span class='ocrx_word' id='word_1_14' title='bbox 2382 669 2432 709; x_wconf 71' lang='lat' dir='ltr'>or</span> 
     </span>
     <span class='ocr_line' id='line_1_3' title="bbox 299 718 2523 822; baseline 0.003 -20"><span class='ocrx_word' id='word_1_15' title='bbox 299 740 435 803; x_wconf 81' lang='lat' dir='ltr'>aevi</span> <span class='ocrx_word' id='word_1_16' title='bbox 463 739 711 822; x_wconf 88' lang='lat' dir='ltr'>plenus</span> <span class='ocrx_word' id='word_1_17' title='bbox 746 747 817 806; x_wconf 92' lang='lat' dir='ltr'>et</span> <span class='ocrx_word' id='word_1_18' title='bbox 844 741 1108 822; x_wconf 84' lang='lat' dir='ltr'>gloriae,</span> <span class='ocrx_word' id='word_1_19' title='bbox 1143 734 1547 822; x_wconf 90' lang='lat' dir='ltr'>¹simplicem</span> <span class='ocrx_word' id='word_1_20' title='bbox 1580 740 1898 822; x_wconf 89' lang='lat' dir='ltr'>spiritum</span> <span class='ocrx_word' id='word_1_21' title='bbox 1930 739 2199 808; x_wconf 85' lang='lat' dir='ltr'>coelesti</span> <span class='ocrx_word' id='word_1_22' title='bbox 2222 718 2523 809; x_wconf 50' lang='lat' dir='ltr'>fflgffirfm</span> 
     </span>
     <span class='ocr_line' id='line_1_4' title="bbox 296 838 2196 921; baseline 0.001 -18"><span class='ocrx_word' id='word_1_23' title='bbox 296 857 514 919; x_wconf 87' lang='lat' dir='ltr'>regno</span> <span class='ocrx_word' id='word_1_24' title='bbox 559 839 918 921; x_wconf 83' lang='lat' dir='ltr'>exhibuit3</span> <span class='ocrx_word' id='word_1_25' title='bbox 973 848 1046 906; x_wconf 90' lang='lat' dir='ltr'>et</span> <span class='ocrx_word' id='word_1_26' title='bbox 1091 841 1164 905; x_wconf 94' lang='lat' dir='ltr'>in</span> <span class='ocrx_word' id='word_1_27' title='bbox 1206 840 1445 905; x_wconf 87' lang='lat' dir='ltr'>eadem</span> <span class='ocrx_word' id='word_1_28' title='bbox 1475 839 1767 907; x_wconf 89' lang='lat' dir='ltr'>ecclesia</span> <span class='ocrx_word' id='word_1_29' title='bbox 1814 839 1925 902; x_wconf 89' lang='lat' dir='ltr'>die</span> <span class='ocrx_word' id='word_1_30' title='bbox 1967 838 2196 905; x_wconf 89' lang='lat' dir='ltr'>Theo-</span> 
     </span>
     <span class='ocr_line' id='line_1_5' title="bbox 295 937 2193 1022; baseline 0.001 -22"><span class='ocrx_word' id='word_1_31' title='bbox 295 937 574 1019; x_wconf 83' lang='lat' dir='ltr'>phaniae</span> <span class='ocrx_word' id='word_1_32' title='bbox 621 941 935 1022; x_wconf 88' lang='lat' dir='ltr'>sepultus</span> <span class='ocrx_word' id='word_1_33' title='bbox 993 947 1124 1016; x_wconf 87' lang='lat' dir='ltr'>est,</span> <span class='ocrx_word' id='word_1_34' title='bbox 1173 959 1384 1021; x_wconf 86' lang='lat' dir='ltr'>quam</span> <span class='ocrx_word' id='word_1_35' title='bbox 1427 941 1577 1022; x_wconf 91' lang='lat' dir='ltr'>ipse</span> <span class='ocrx_word' id='word_1_36' title='bbox 1622 939 1745 1002; x_wconf 92' lang='lat' dir='ltr'>illo</span> <span class='ocrx_word' id='word_1_37' title='bbox 1794 939 2193 1022; x_wconf 87' lang='lat' dir='ltr'>compositi-</span> 
     </span>
    </p>

    <p class='ocr_par' dir='ltr' id='par_1_3' title="bbox 293 1037 2193 1122">
     <span class='ocr_line' id='line_1_6' title="bbox 293 1037 2193 1122; baseline 0.003 -23"><span class='ocrx_word' id='word_1_38' title='bbox 293 1037 448 1102; x_wconf 84' lang='lat' dir='ltr'>onis</span> <span class='ocrx_word' id='word_1_39' title='bbox 493 1057 746 1119; x_wconf 78' lang='lat' dir='ltr'>genere</span> <span class='ocrx_word' id='word_1_40' title='bbox 788 1039 1050 1122; x_wconf 88' lang='lat' dir='ltr'>primus</span> <span class='ocrx_word' id='word_1_41' title='bbox 1087 1039 1161 1102; x_wconf 90' lang='lat' dir='ltr'>in</span> <span class='ocrx_word' id='word_1_42' title='bbox 1193 1037 1456 1122; x_wconf 86' lang='lat' dir='ltr'>Anglia</span> <span class='ocrx_word' id='word_1_43' title='bbox 1503 1038 1968 1106; x_wconf 77' lang='lat' dir='ltr'>aedificaverat</span> <span class='ocrx_word' id='word_1_44' title='bbox 2008 1041 2193 1120; x_wconf 91' lang='lat' dir='ltr'>quod</span> 
     </span>
    </p>

    <p class='ocr_par' dir='ltr' id='par_1_4' title="bbox 291 1139 2191 1220">
     <span class='ocr_line' id='line_1_7' title="bbox 291 1139 2191 1220; baseline 0.002 -21"><span class='ocrx_word' id='word_1_45' title='bbox 291 1155 478 1200; x_wconf 92' lang='lat' dir='ltr'>nunc</span> <span class='ocrx_word' id='word_1_46' title='bbox 523 1157 698 1219; x_wconf 90' lang='lat' dir='ltr'>pene</span> <span class='ocrx_word' id='word_1_47' title='bbox 742 1140 972 1203; x_wconf 89' lang='lat' dir='ltr'>cuncti</span> <span class='ocrx_word' id='word_1_48' title='bbox 1013 1139 1436 1220; x_wconf 83' lang='lat' dir='ltr'><strong>sumptuosis</strong></span> <span class='ocrx_word' id='word_1_49' title='bbox 1478 1139 1895 1203; x_wconf 75' lang='lat' dir='ltr'>aemulantur</span> <span class='ocrx_word' id='word_1_50' title='bbox 1928 1159 2191 1220; x_wconf 81' lang='lat' dir='ltr'>expen-</span> 
     </span>
    </p>

    <p class='ocr_par' dir='ltr' id='par_1_5' title="bbox 287 1235 2191 1618">
     <span class='ocr_line' id='line_1_8' title="bbox 291 1235 2191 1320; baseline 0.002 -22"><span class='ocrx_word' id='word_1_51' title='bbox 291 1236 411 1299; x_wconf 84' lang='lat' dir='ltr'>sis.</span> <span class='ocrx_word' id='word_1_52' title='bbox 547 1235 929 1318; x_wconf 85' lang='lat' dir='ltr'>Progenies</span> <span class='ocrx_word' id='word_1_53' title='bbox 985 1237 1607 1315; x_wconf 85' lang='lat' dir='ltr'>West-Saxonum,</span> <span class='ocrx_word' id='word_1_54' title='bbox 1666 1257 1823 1320; x_wconf 83' lang='lat' dir='ltr'>quae</span> <span class='ocrx_word' id='word_1_55' title='bbox 1896 1237 1969 1301; x_wconf 90' lang='lat' dir='ltr'>in</span> <span class='ocrx_word' id='word_1_56' title='bbox 2030 1238 2191 1304; x_wconf 88' lang='lat' dir='ltr'>Bri-</span> 
     </span>
     <span class='ocr_line' id='line_1_9' title="bbox 289 1335 2191 1420; baseline 0.003 -22"><span class='ocrx_word' id='word_1_57' title='bbox 289 1335 532 1400; x_wconf 82' lang='lat' dir='ltr'><strong>tannia</strong></span> <span class='ocrx_word' id='word_1_58' title='bbox 573 1355 618 1400; x_wconf 91' lang='lat' dir='ltr'>a</span> <span class='ocrx_word' id='word_1_59' title='bbox 646 1335 962 1402; x_wconf 78' lang='lat' dir='ltr'>cerdicio</span> <span class='ocrx_word' id='word_1_60' title='bbox 1008 1337 1404 1420; x_wconf 84' lang='lat' dir='ltr'>quingentis</span> <span class='ocrx_word' id='word_1_61' title='bbox 1449 1345 1521 1402; x_wconf 90' lang='lat' dir='ltr'>et</span> <span class='ocrx_word' id='word_1_62' title='bbox 1562 1337 2007 1420; x_wconf 81' lang='lat' dir='ltr'>septuaginta</span> <span class='ocrx_word' id='word_1_63' title='bbox 2050 1357 2191 1404; x_wconf 91' lang='lat' dir='ltr'>uno</span> 
     </span>
     <span class='ocr_line' id='line_1_10' title="bbox 287 1433 2189 1519; baseline 0.003 -23"><span class='ocrx_word' id='word_1_64' title='bbox 287 1433 512 1510; x_wconf 81' lang='lat' dir='ltr'>annis,</span> <span class='ocrx_word' id='word_1_65' title='bbox 543 1436 631 1498; x_wconf 89' lang='lat' dir='ltr'>ab</span> <span class='ocrx_word' id='word_1_66' title='bbox 667 1435 976 1518; x_wconf 90' lang='lat' dir='ltr'>Egberto</span> <span class='ocrx_word' id='word_1_67' title='bbox 1004 1436 1318 1502; x_wconf 87' lang='lat' dir='ltr'>ducentis</span> <span class='ocrx_word' id='word_1_68' title='bbox 1349 1444 1419 1502; x_wconf 89' lang='lat' dir='ltr'>et</span> <span class='ocrx_word' id='word_1_69' title='bbox 1443 1437 1817 1518; x_wconf 82' lang='lat' dir='ltr'>sexaginta</span> <span class='ocrx_word' id='word_1_70' title='bbox 1858 1455 1998 1502; x_wconf 91' lang='lat' dir='ltr'>uno</span> <span class='ocrx_word' id='word_1_71' title='bbox 2030 1458 2189 1519; x_wconf 90' lang='lat' dir='ltr'>reg-</span> 
     </span>
     <span class='ocr_line' id='line_1_11' title="bbox 289 1535 2183 1618; baseline 0.003 -22"><span class='ocrx_word' id='word_1_72' title='bbox 289 1541 606 1612; x_wconf 80' lang='lat' dir='ltr'>naverat,</span> <span class='ocrx_word' id='word_1_73' title='bbox 655 1535 728 1600; x_wconf 91' lang='lat' dir='ltr'>in</span> <span class='ocrx_word' id='word_1_74' title='bbox 774 1536 897 1600; x_wconf 92' lang='lat' dir='ltr'>illo</span> <span class='ocrx_word' id='word_1_75' title='bbox 946 1535 1032 1599; x_wconf 91' lang='lat' dir='ltr'>ad</span> <span class='ocrx_word' id='word_1_76' title='bbox 1085 1537 1515 1618; x_wconf 87' lang='lat' dir='ltr'>regnandum</span> <span class='ocrx_word' id='word_1_77' title='bbox 1565 1537 1844 1604; x_wconf 83' lang='lat' dir='ltr'>omnino</span> <span class='ocrx_word' id='word_1_78' title='bbox 1894 1537 2183 1602; x_wconf 87' lang='lat' dir='ltr'>defecit:</span> 
     </span>
    </p>

    <p class='ocr_par' dir='ltr' id='par_1_6' title="bbox 283 1635 2507 1918">
     <span class='ocr_line' id='line_1_12' title="bbox 287 1635 2507 1748; baseline 0.002 -53"><span class='ocrx_word' id='word_1_79' title='bbox 287 1650 450 1696; x_wconf 89' lang='lat' dir='ltr'>nam</span> <span class='ocrx_word' id='word_1_80' title='bbox 501 1635 762 1699; x_wconf 87' lang='lat' dir='ltr'>recenti</span> <span class='ocrx_word' id='word_1_81' title='bbox 808 1635 1033 1700; x_wconf 87' lang='lat' dir='ltr'>adhuc</span> <span class='ocrx_word' id='word_1_82' title='bbox 1082 1637 1334 1718; x_wconf 90' lang='lat' dir='ltr'>regalis</span> <span class='ocrx_word' id='word_1_83' title='bbox 1365 1635 1627 1700; x_wconf 85' lang='lat' dir='ltr'>funeris</span> <span class='ocrx_word' id='word_1_84' title='bbox 1671 1637 1889 1712; x_wconf 90' lang='lat' dir='ltr'>luctu,</span> <span class='ocrx_word' id='word_1_85' title='bbox 1924 1635 2186 1700; x_wconf 88' lang='lat' dir='ltr'>Harol-</span> <span class='ocrx_word' id='word_1_86' title='bbox 2209 1658 2507 1748; x_wconf 44' lang='lat' dir='ltr'>powers».</span> 
     </span>
     <span class='ocr_line' id='line_1_13' title="bbox 285 1729 2325 1819; baseline 0.004 -27"><span class='ocrx_word' id='word_1_87' title='bbox 285 1729 439 1810; x_wconf 90' lang='lat' dir='ltr'>dus,</span> <span class='ocrx_word' id='word_1_88' title='bbox 473 1732 628 1816; x_wconf 89' lang='lat' dir='ltr'>ipso</span> <span class='ocrx_word' id='word_1_89' title='bbox 674 1733 1148 1818; x_wconf 86' lang='lat' dir='ltr'>Theophaniae</span> <span class='ocrx_word' id='word_1_90' title='bbox 1190 1736 1324 1813; x_wconf 89' lang='lat' dir='ltr'>die,</span> <span class='ocrx_word' id='word_1_91' title='bbox 1354 1741 1635 1801; x_wconf 83' lang='lat' dir='ltr'>extorta</span> <span class='ocrx_word' id='word_1_92' title='bbox 1667 1755 1711 1799; x_wconf 87' lang='lat' dir='ltr'>a</span> <span class='ocrx_word' id='word_1_93' title='bbox 1758 1736 2185 1819; x_wconf 87' lang='lat' dir='ltr'>principibus</span> <span class='ocrx_word' id='word_1_94' title='bbox 2314 1738 2325 1749; x_wconf 85' lang='lat'><strong><em>‘</em></strong></span> 
     </span>
     <span class='ocr_line' id='line_1_14' title="bbox 283 1829 2189 1918; baseline 0.002 -24"><span class='ocrx_word' id='word_1_95' title='bbox 283 1829 442 1910; x_wconf 90' lang='lat' dir='ltr'>fide,</span> <span class='ocrx_word' id='word_1_96' title='bbox 494 1835 786 1916; x_wconf 82' lang='lat' dir='ltr'>arripuit</span> <span class='ocrx_word' id='word_1_97' title='bbox 832 1835 1173 1912; x_wconf 86' lang='lat' dir='ltr'>diadema,</span> <span class='ocrx_word' id='word_1_98' title='bbox 1233 1835 1551 1918; x_wconf 84' lang='lat' dir='ltr'>quamvis</span> <span class='ocrx_word' id='word_1_99' title='bbox 1602 1833 1817 1916; x_wconf 85' lang='lat' dir='ltr'>Angli</span> <span class='ocrx_word' id='word_1_100' title='bbox 1864 1835 2100 1901; x_wconf 86' lang='lat' dir='ltr'>dicant</span> <span class='ocrx_word' id='word_1_101' title='bbox 2142 1854 2189 1898; x_wconf 85' lang='lat' dir='ltr'>a</span> 
     </span>
    </p>

    <p class='ocr_par' dir='ltr' id='par_1_7' title="bbox 277 1934 2186 2412">
     <span class='ocr_line' id='line_1_15' title="bbox 280 1934 2186 2017; baseline 0.003 -25"><span class='ocrx_word' id='word_1_102' title='bbox 280 1949 447 2012; x_wconf 88' lang='lat' dir='ltr'>rege</span> <span class='ocrx_word' id='word_1_103' title='bbox 475 1952 876 1998; x_wconf 89' lang='lat' dir='ltr'>concessum</span> <span class='ocrx_word' id='word_1_104' title='bbox 901 1955 918 2014; x_wconf 82' lang='lat'>3</span> <span class='ocrx_word' id='word_1_105' title='bbox 974 1935 1158 2017; x_wconf 87' lang='lat' dir='ltr'>quod</span> <span class='ocrx_word' id='word_1_106' title='bbox 1189 1942 1420 1998; x_wconf 87' lang='lat' dir='ltr'>tamen</span> <span class='ocrx_word' id='word_1_107' title='bbox 1447 1935 1672 2016; x_wconf 87' lang='lat' dir='ltr'>magis</span> <span class='ocrx_word' id='word_1_108' title='bbox 1705 1934 2186 1998; x_wconf 80' lang='lat' dir='ltr'>benevolentia</span> 
     </span>
     <span class='ocr_line' id='line_1_16' title="bbox 281 2033 2183 2116; baseline 0.003 -24"><span class='ocrx_word' id='word_1_109' title='bbox 281 2049 490 2111; x_wconf 87' lang='lat' dir='ltr'>quam</span> <span class='ocrx_word' id='word_1_110' title='bbox 532 2033 800 2115; x_wconf 77' lang='lat' dir='ltr'>J&#39;udicio</span> <span class='ocrx_word' id='word_1_111' title='bbox 857 2034 1148 2116; x_wconf 85' lang='lat' dir='ltr'>allegari</span> <span class='ocrx_word' id='word_1_112' title='bbox 1209 2033 1555 2109; x_wconf 83' lang='lat' dir='ltr'>existimo,</span> <span class='ocrx_word' id='word_1_113' title='bbox 1605 2041 1685 2098; x_wconf 93' lang='lat' dir='ltr'>ut</span> <span class='ocrx_word' id='word_1_114' title='bbox 1737 2034 1840 2098; x_wconf 92' lang='lat' dir='ltr'>illi</span> <span class='ocrx_word' id='word_1_115' title='bbox 1892 2033 2183 2098; x_wconf 83' lang='lat' dir='ltr'>haeredi-</span> 
     </span>
     <span class='ocr_line' id='line_1_17' title="bbox 281 2133 2181 2217; baseline 0.002 -25"><span class='ocrx_word' id='word_1_116' title='bbox 281 2134 498 2194; x_wconf 87' lang='lat' dir='ltr'>tatem</span> <span class='ocrx_word' id='word_1_117' title='bbox 576 2133 1091 2216; x_wconf 85' lang='lat' dir='ltr'>transfunderet</span> <span class='ocrx_word' id='word_1_118' title='bbox 1149 2151 1348 2198; x_wconf 88' lang='lat' dir='ltr'>suam</span> <span class='ocrx_word' id='word_1_119' title='bbox 1423 2133 1622 2217; x_wconf 90' lang='lat' dir='ltr'>cujus</span> <span class='ocrx_word' id='word_1_120' title='bbox 1696 2151 1967 2214; x_wconf 89' lang='lat' dir='ltr'>semper</span> <span class='ocrx_word' id='word_1_121' title='bbox 2024 2152 2181 2196; x_wconf 87' lang='lat' dir='ltr'>sus-</span> 
     </span>
     <span class='ocr_line' id='line_1_18' title="bbox 277 2232 2181 2314; baseline 0.002 -22"><span class='ocrx_word' id='word_1_122' title='bbox 277 2237 552 2309; x_wconf 84' lang='lat' dir='ltr'>pectam</span> <span class='ocrx_word' id='word_1_123' title='bbox 611 2232 948 2296; x_wconf 87' lang='lat' dir='ltr'>habuerat</span> <span class='ocrx_word' id='word_1_124' title='bbox 995 2233 1423 2314; x_wconf 82' lang='lat' dir='ltr'>potentiam3</span> <span class='ocrx_word' id='word_1_125' title='bbox 1493 2232 1835 2312; x_wconf 80' lang='lat' dir='ltr'>quamviS,</span> <span class='ocrx_word' id='word_1_126' title='bbox 1900 2239 1979 2296; x_wconf 93' lang='lat' dir='ltr'>ut</span> <span class='ocrx_word' id='word_1_127' title='bbox 2042 2251 2181 2296; x_wconf 92' lang='lat' dir='ltr'>non</span> 
     </span>
     <span class='ocr_line' id='line_1_19' title="bbox 277 2328 2181 2412; baseline 0.002 -22"><span class='ocrx_word' id='word_1_128' title='bbox 277 2328 540 2392; x_wconf 90' lang='lat' dir='ltr'>celetur</span> <span class='ocrx_word' id='word_1_129' title='bbox 567 2332 850 2406; x_wconf 65' lang='lat' dir='ltr'>veritam,</span> <span class='ocrx_word' id='word_1_130' title='bbox 903 2349 1032 2410; x_wconf 89' lang='lat' dir='ltr'>pro</span> <span class='ocrx_word' id='word_1_131' title='bbox 1089 2350 1388 2409; x_wconf 79' lang='lat' dir='ltr'>persona</span> <span class='ocrx_word' id='word_1_132' title='bbox 1431 2349 1639 2410; x_wconf 87' lang='lat' dir='ltr'>quam</span> <span class='ocrx_word' id='word_1_133' title='bbox 1684 2330 1991 2409; x_wconf 81' lang='lat' dir='ltr'>gerebat,</span> <span class='ocrx_word' id='word_1_134' title='bbox 2024 2349 2181 2412; x_wconf 88' lang='lat' dir='ltr'>reg-</span> 
     </span>
    </p>

    <p class='ocr_par' dir='ltr' id='par_1_8' title="bbox 276 2427 2175 2508">
     <span class='ocr_line' id='line_1_20' title="bbox 276 2427 2175 2508; baseline 0.003 -22"><span class='ocrx_word' id='word_1_135' title='bbox 276 2443 442 2488; x_wconf 91' lang='lat' dir='ltr'>num</span> <span class='ocrx_word' id='word_1_136' title='bbox 486 2427 854 2508; x_wconf 87' lang='lat' dir='ltr'>prudentia</span> <span class='ocrx_word' id='word_1_137' title='bbox 885 2435 956 2491; x_wconf 93' lang='lat' dir='ltr'>et</span> <span class='ocrx_word' id='word_1_138' title='bbox 987 2427 1390 2491; x_wconf 84' lang='lat' dir='ltr'>fortitudine</span> <span class='ocrx_word' id='word_1_139' title='bbox 1433 2428 1853 2508; x_wconf 82' lang='lat' dir='ltr'>gubernaret</span> <span class='ocrx_word' id='word_1_140' title='bbox 1898 2429 1958 2492; x_wconf 87' lang='lat' dir='ltr'>si</span> <span class='ocrx_word' id='word_1_141' title='bbox 2002 2428 2175 2508; x_wconf 87' lang='lat' dir='ltr'>legi-</span> 
     </span>
    </p>

    <p class='ocr_par' dir='ltr' id='par_1_9' title="bbox 273 2521 2175 2709">
     <span class='ocr_line' id='line_1_21' title="bbox 274 2521 2175 2610; baseline 0.002 -23"><span class='ocrx_word' id='word_1_142' title='bbox 274 2521 442 2587; x_wconf 88' lang='lat' dir='ltr'>time</span> <span class='ocrx_word' id='word_1_143' title='bbox 499 2526 942 2610; x_wconf 84' lang='lat' dir='ltr'>suscepisset.</span> <span class='ocrx_word' id='word_1_144' title='bbox 1054 2527 1400 2608; x_wconf 89' lang='lat' dir='ltr'>Denique,</span> <span class='ocrx_word' id='word_1_145' title='bbox 1455 2527 1735 2591; x_wconf 84' lang='lat' dir='ltr'>vivente</span> <span class='ocrx_word' id='word_1_146' title='bbox 1805 2527 2175 2606; x_wconf 84' lang='lat' dir='ltr'>Edwardo,</span> 
     </span>
     <span class='ocr_line' id='line_1_22' title="bbox 273 2626 2174 2709; baseline 0.003 -24"><span class='ocrx_word' id='word_1_147' title='bbox 273 2640 706 2709; x_wconf 78' lang='lat' dir='ltr'>quaecunque</span> <span class='ocrx_word' id='word_1_148' title='bbox 755 2631 1000 2691; x_wconf 87' lang='lat' dir='ltr'>contra</span> <span class='ocrx_word' id='word_1_149' title='bbox 1045 2645 1202 2689; x_wconf 88' lang='lat' dir='ltr'>eum</span> <span class='ocrx_word' id='word_1_150' title='bbox 1262 2626 1444 2690; x_wconf 88' lang='lat' dir='ltr'>bella</span> <span class='ocrx_word' id='word_1_151' title='bbox 1500 2626 1785 2690; x_wconf 83' lang='lat' dir='ltr'>incensa</span> <span class='ocrx_word' id='word_1_152' title='bbox 1828 2634 1991 2692; x_wconf 91' lang='lat' dir='ltr'>sunt</span> <span class='ocrx_word' id='word_1_153' title='bbox 2034 2628 2174 2690; x_wconf 87' lang='lat' dir='ltr'>vir-</span> 
     </span>
    </p>

    <p class='ocr_par' dir='ltr' id='par_1_10' title="bbox 272 2724 2173 2906">
     <span class='ocr_line' id='line_1_23' title="bbox 273 2724 2173 2807; baseline 0.004 -24"><span class='ocrx_word' id='word_1_154' title='bbox 273 2727 434 2803; x_wconf 58' lang='lat' dir='ltr'>tutea</span> <span class='ocrx_word' id='word_1_155' title='bbox 483 2742 614 2788; x_wconf 87' lang='lat' dir='ltr'>sua</span> <span class='ocrx_word' id='word_1_156' title='bbox 671 2724 1102 2807; x_wconf 88' lang='lat' dir='ltr'>compressit,</span> <span class='ocrx_word' id='word_1_157' title='bbox 1151 2726 1436 2807; x_wconf 85' lang='lat' dir='ltr'>cupiens</span> <span class='ocrx_word' id='word_1_158' title='bbox 1497 2744 1573 2789; x_wconf 88' lang='lat' dir='ltr'>se</span> <span class='ocrx_word' id='word_1_159' title='bbox 1634 2725 2173 2806; x_wconf 86' lang='lat' dir='ltr'>provincialibus</span> 
     </span>
     <span class='ocr_line' id='line_1_24' title="bbox 272 2824 2171 2906; baseline 0.004 -23"><span class='ocrx_word' id='word_1_160' title='bbox 272 2828 650 2901; x_wconf 87' lang='lat' dir='ltr'>ostentare,</span> <span class='ocrx_word' id='word_1_161' title='bbox 679 2824 752 2887; x_wconf 90' lang='lat' dir='ltr'>in</span> <span class='ocrx_word' id='word_1_162' title='bbox 784 2842 1075 2906; x_wconf 89' lang='lat' dir='ltr'>regnum</span> <span class='ocrx_word' id='word_1_163' title='bbox 1123 2825 1385 2893; x_wconf 88' lang='lat' dir='ltr'>scilicet</span> <span class='ocrx_word' id='word_1_164' title='bbox 1429 2844 1553 2905; x_wconf 89' lang='lat' dir='ltr'>spe</span> <span class='ocrx_word' id='word_1_165' title='bbox 1594 2825 1931 2906; x_wconf 89' lang='lat' dir='ltr'>prurienti</span> <span class='ocrx_word' id='word_1_166' title='bbox 1966 2825 2171 2891; x_wconf 87' lang='lat' dir='ltr'>anhe-</span> 
     </span>
    </p>

    <p class='ocr_par' dir='ltr' id='par_1_11' title="bbox 267 2917 2173 3403">
     <span class='ocr_line' id='line_1_25' title="bbox 269 2917 2173 3007; baseline 0.005 -26"><span class='ocrx_word' id='word_1_167' title='bbox 269 2919 449 2985; x_wconf 79' lang='lat' dir='ltr'>lans·</span> <span class='ocrx_word' id='word_1_168' title='bbox 555 2922 945 3001; x_wconf 86' lang='lat' dir='ltr'>Griffinum,</span> <span class='ocrx_word' id='word_1_169' title='bbox 980 2917 1096 2989; x_wconf 90' lang='lat' dir='ltr'>²ut</span> <span class='ocrx_word' id='word_1_170' title='bbox 1138 2943 1350 3007; x_wconf 87' lang='lat' dir='ltr'>supra</span> <span class='ocrx_word' id='word_1_171' title='bbox 1392 2923 1565 3000; x_wconf 81' lang='lat' dir='ltr'>dixi,</span> <span class='ocrx_word' id='word_1_172' title='bbox 1610 2942 1844 3005; x_wconf 87' lang='lat' dir='ltr'>regem</span> <span class='ocrx_word' id='word_1_173' title='bbox 1882 2923 2173 2990; x_wconf 82' lang='lat' dir='ltr'>Walen-</span> 
     </span>
     <span class='ocr_line' id='line_1_26' title="bbox 271 3019 2173 3105; baseline 0.004 -23"><span class='ocrx_word' id='word_1_174' title='bbox 271 3019 476 3099; x_wconf 91' lang='lat' dir='ltr'>sium,</span> <span class='ocrx_word' id='word_1_175' title='bbox 527 3030 598 3086; x_wconf 92' lang='lat' dir='ltr'>et</span> <span class='ocrx_word' id='word_1_176' title='bbox 640 3024 834 3105; x_wconf 88' lang='lat' dir='ltr'>prius</span> <span class='ocrx_word' id='word_1_177' title='bbox 885 3024 1065 3087; x_wconf 90' lang='lat' dir='ltr'>bello</span> <span class='ocrx_word' id='word_1_178' title='bbox 1097 3024 1288 3099; x_wconf 87' lang='lat' dir='ltr'>vicit,</span> <span class='ocrx_word' id='word_1_179' title='bbox 1334 3028 1405 3087; x_wconf 91' lang='lat' dir='ltr'>et</span> <span class='ocrx_word' id='word_1_180' title='bbox 1449 3023 1887 3105; x_wconf 89' lang='lat' dir='ltr'>postmodum</span> <span class='ocrx_word' id='word_1_181' title='bbox 1936 3024 2173 3089; x_wconf 86' lang='lat' dir='ltr'>multis</span> 
     </span>
     <span class='ocr_line' id='line_1_27' title="bbox 267 3117 2171 3204; baseline 0.003 -23"><span class='ocrx_word' id='word_1_182' title='bbox 267 3117 534 3185; x_wconf 90' lang='lat' dir='ltr'>nisibus</span> <span class='ocrx_word' id='word_1_183' title='bbox 565 3140 922 3204; x_wconf 88' lang='lat' dir='ltr'>resurgere</span> <span class='ocrx_word' id='word_1_184' title='bbox 956 3130 1320 3189; x_wconf 83' lang='lat' dir='ltr'>conantem</span> <span class='ocrx_word' id='word_1_185' title='bbox 1360 3122 1587 3203; x_wconf 89' lang='lat' dir='ltr'>capite</span> <span class='ocrx_word' id='word_1_186' title='bbox 1618 3122 1961 3203; x_wconf 81' lang='lat' dir='ltr'>privavit3</span> <span class='ocrx_word' id='word_1_187' title='bbox 2014 3142 2171 3189; x_wconf 84' lang='lat' dir='ltr'>suc-</span> 
     </span>
     <span class='ocr_line' id='line_1_28' title="bbox 267 3220 2173 3305; baseline 0.003 -24"><span class='ocrx_word' id='word_1_188' title='bbox 267 3236 578 3285; x_wconf 88' lang='lat' dir='ltr'>cessores</span> <span class='ocrx_word' id='word_1_189' title='bbox 605 3222 904 3287; x_wconf 80' lang='lat' dir='ltr'>duosex</span> <span class='ocrx_word' id='word_1_190' title='bbox 931 3222 1348 3286; x_wconf 84' lang='lat' dir='ltr'>satellitibus</span> <span class='ocrx_word' id='word_1_191' title='bbox 1373 3221 1543 3297; x_wconf 76' lang='lat' dir='ltr'>suiS,</span> <span class='ocrx_word' id='word_1_192' title='bbox 1578 3220 1829 3285; x_wconf 87' lang='lat' dir='ltr'>fratres</span> <span class='ocrx_word' id='word_1_193' title='bbox 1864 3221 2173 3305; x_wconf 85' lang='lat' dir='ltr'>ejusdem</span> 
     </span>
     <span class='ocr_line' id='line_1_29' title="bbox 271 3316 2171 3403; baseline 0.003 -22"><span class='ocrx_word' id='word_1_194' title='bbox 271 3316 569 3398; x_wconf 84' lang='lat' dir='ltr'>Griffini,</span> <span class='ocrx_word' id='word_1_195' title='bbox 621 3322 919 3403; x_wconf 87' lang='lat' dir='ltr'>Blegent</span> <span class='ocrx_word' id='word_1_196' title='bbox 963 3326 1035 3385; x_wconf 91' lang='lat' dir='ltr'>et</span> <span class='ocrx_word' id='word_1_197' title='bbox 1079 3320 1565 3397; x_wconf 85' lang='lat' dir='ltr'>Riwallonem,</span> <span class='ocrx_word' id='word_1_198' title='bbox 1600 3320 1721 3401; x_wconf 89' lang='lat' dir='ltr'>qui</span> <span class='ocrx_word' id='word_1_199' title='bbox 1764 3340 1922 3385; x_wconf 90' lang='lat' dir='ltr'>eum</span> <span class='ocrx_word' id='word_1_200' title='bbox 1970 3322 2171 3387; x_wconf 88' lang='lat' dir='ltr'>obse-</span> 
     </span>
    </p>
   </div>
   <div class='ocr_carea' id='block_1_3' title="bbox 263 3560 2175 3835">
    <p class='ocr_par' dir='ltr' id='par_1_12' title="bbox 263 3560 2175 3835">
     <span class='ocr_line' id='line_1_30' title="bbox 267 3560 2175 3627; baseline -0.001 -13"><span class='ocrx_word' id='word_1_201' title='bbox 267 3578 397 3625; x_wconf 81' lang='lat' dir='ltr'>ney:</span> <span class='ocrx_word' id='word_1_202' title='bbox 419 3564 506 3613; x_wconf 88' lang='lat' dir='ltr'>the</span> <span class='ocrx_word' id='word_1_203' title='bbox 525 3578 658 3626; x_wconf 89' lang='lat' dir='ltr'>pope</span> <span class='ocrx_word' id='word_1_204' title='bbox 680 3565 892 3626; x_wconf 78' lang='lat' dir='ltr'>granted</span> <span class='ocrx_word' id='word_1_205' title='bbox 912 3566 970 3627; x_wconf 84' lang='lat' dir='ltr'>it,</span> <span class='ocrx_word' id='word_1_206' title='bbox 993 3580 1058 3614; x_wconf 91' lang='lat' dir='ltr'>on</span> <span class='ocrx_word' id='word_1_207' title='bbox 1079 3578 1195 3613; x_wconf 89' lang='lat' dir='ltr'>con·</span> <span class='ocrx_word' id='word_1_208' title='bbox 1244 3562 1302 3612; x_wconf 82' lang='lat' dir='ltr'>of</span> <span class='ocrx_word' id='word_1_209' title='bbox 1317 3564 1401 3611; x_wconf 88' lang='lat' dir='ltr'>the</span> <span class='ocrx_word' id='word_1_210' title='bbox 1421 3560 1687 3611; x_wconf 85' lang='lat' dir='ltr'>threnodia</span> <span class='ocrx_word' id='word_1_211' title='bbox 1722 3576 1787 3611; x_wconf 85' lang='lat' dir='ltr'>on</span> <span class='ocrx_word' id='word_1_212' title='bbox 1820 3560 1906 3610; x_wconf 88' lang='lat' dir='ltr'>the</span> <span class='ocrx_word' id='word_1_213' title='bbox 1941 3562 2094 3611; x_wconf 82' lang='lat' dir='ltr'>death</span> <span class='ocrx_word' id='word_1_214' title='bbox 2114 3564 2175 3612; x_wconf 86' lang='lat' dir='ltr'>of</span> 
     </span>
     <span class='ocr_line' id='line_1_31' title="bbox 263 3630 2167 3696; baseline -0.001 -15"><span class='ocrx_word' id='word_1_215' title='bbox 263 3634 426 3683; x_wconf 83' lang='lat' dir='ltr'>dition</span> <span class='ocrx_word' id='word_1_216' title='bbox 446 3634 558 3683; x_wconf 87' lang='lat' dir='ltr'>that</span> <span class='ocrx_word' id='word_1_217' title='bbox 571 3635 830 3683; x_wconf 82' lang='lat' dir='ltr'>Eadward</span> <span class='ocrx_word' id='word_1_218' title='bbox 851 3634 1054 3696; x_wconf 82' lang='lat' dir='ltr'>should,</span> <span class='ocrx_word' id='word_1_219' title='bbox 1067 3634 1194 3683; x_wconf 83' lang='lat' dir='ltr'>with</span> <span class='ocrx_word' id='word_1_220' title='bbox 1243 3633 1500 3682; x_wconf 74' lang='lat' dir='ltr'>Eadward</span> <span class='ocrx_word' id='word_1_221' title='bbox 1524 3631 1609 3680; x_wconf 88' lang='lat' dir='ltr'>the</span> <span class='ocrx_word' id='word_1_222' title='bbox 1632 3630 2008 3693; x_wconf 52' lang='lat' dir='ltr'>confession—⁴</span> <span class='ocrx_word' id='word_1_223' title='bbox 2027 3631 2167 3680; x_wconf 88' lang='lat' dir='ltr'>Here</span> 
     </span>
     <span class='ocr_line' id='line_1_32' title="bbox 266 3700 2167 3765; baseline -0.002 -13"><span class='ocrx_word' id='word_1_224' title='bbox 266 3703 353 3752; x_wconf 87' lang='lat' dir='ltr'>the</span> <span class='ocrx_word' id='word_1_225' title='bbox 382 3718 562 3765; x_wconf 82' lang='lat' dir='ltr'>money</span> <span class='ocrx_word' id='word_1_226' title='bbox 583 3702 648 3753; x_wconf 90' lang='lat' dir='ltr'>he</span> <span class='ocrx_word' id='word_1_227' title='bbox 669 3702 844 3753; x_wconf 84' lang='lat' dir='ltr'>would</span> <span class='ocrx_word' id='word_1_228' title='bbox 878 3702 1008 3753; x_wconf 81' lang='lat' dir='ltr'>have</span> <span class='ocrx_word' id='word_1_229' title='bbox 1047 3708 1196 3764; x_wconf 85' lang='lat' dir='ltr'>spent</span> <span class='ocrx_word' id='word_1_230' title='bbox 1240 3702 1499 3751; x_wconf 85' lang='lat' dir='ltr'>Eadward</span> <span class='ocrx_word' id='word_1_231' title='bbox 1531 3700 1676 3762; x_wconf 87' lang='lat' dir='ltr'>king,</span> <span class='ocrx_word' id='word_1_232' title='bbox 1704 3700 1763 3749; x_wconf 84' lang='lat' dir='ltr'>of</span> <span class='ocrx_word' id='word_1_233' title='bbox 1798 3701 1995 3763; x_wconf 83' lang='lat' dir='ltr'>Angles</span> <span class='ocrx_word' id='word_1_234' title='bbox 2036 3700 2167 3763; x_wconf 90' lang='lat' dir='ltr'>lord,</span> 
     </span>
     <span class='ocr_line' id='line_1_33' title="bbox 268 3769 2166 3835; baseline -0.001 -14"><span class='ocrx_word' id='word_1_235' title='bbox 268 3772 322 3821; x_wconf 89' lang='lat' dir='ltr'>in</span> <span class='ocrx_word' id='word_1_236' title='bbox 343 3772 456 3822; x_wconf 86' lang='lat' dir='ltr'>that</span> <span class='ocrx_word' id='word_1_237' title='bbox 467 3787 682 3835; x_wconf 81' lang='lat' dir='ltr'>voyage,</span> <span class='ocrx_word' id='word_1_238' title='bbox 702 3772 848 3822; x_wconf 89' lang='lat' dir='ltr'>build</span> <span class='ocrx_word' id='word_1_239' title='bbox 861 3777 1192 3835; x_wconf 83' lang='lat' dir='ltr'>amonastery</span> <span class='ocrx_word' id='word_1_240' title='bbox 1240 3775 1353 3821; x_wconf 82' lang='lat' dir='ltr'>sent</span> <span class='ocrx_word' id='word_1_241' title='bbox 1373 3771 1454 3821; x_wconf 87' lang='lat' dir='ltr'>his</span> <span class='ocrx_word' id='word_1_242' title='bbox 1478 3770 1725 3820; x_wconf 81' lang='lat' dir='ltr'>steadfast</span> <span class='ocrx_word' id='word_1_243' title='bbox 1754 3771 1867 3819; x_wconf 83' lang='lat' dir='ltr'>soul</span> <span class='ocrx_word' id='word_1_244' title='bbox 1899 3774 1951 3819; x_wconf 91' lang='lat' dir='ltr'>to</span> <span class='ocrx_word' id='word_1_245' title='bbox 1974 3769 2166 3833; x_wconf 85' lang='lat' dir='ltr'>Christ,</span> 
     </span>
    </p>
   </div>
   <div class='ocr_carea' id='block_1_4' title="bbox 271 3838 2164 3976">
    <p class='ocr_par' dir='ltr' id='par_1_13' title="bbox 271 3838 2164 3976">
     <span class='ocr_line' id='line_1_34' title="bbox 271 3838 2163 3903; baseline -0.002 -13"><span class='ocrx_word' id='word_1_246' title='bbox 271 3842 326 3890; x_wconf 88' lang='lat' dir='ltr'>in</span> <span class='ocrx_word' id='word_1_247' title='bbox 347 3842 543 3891; x_wconf 88' lang='lat' dir='ltr'>honour</span> <span class='ocrx_word' id='word_1_248' title='bbox 563 3842 621 3891; x_wconf 85' lang='lat' dir='ltr'>of</span> <span class='ocrx_word' id='word_1_249' title='bbox 637 3842 712 3893; x_wconf 86' lang='lat' dir='ltr'>St.</span> <span class='ocrx_word' id='word_1_250' title='bbox 735 3843 908 3892; x_wconf 86' lang='lat' dir='ltr'>Peter.</span> <span class='ocrx_word' id='word_1_251' title='bbox 1239 3841 1292 3889; x_wconf 79' lang='lat' dir='ltr'>in</span> <span class='ocrx_word' id='word_1_252' title='bbox 1337 3840 1419 3889; x_wconf 77' lang='lat' dir='ltr'>the</span> <span class='ocrx_word' id='word_1_253' title='bbox 1463 3841 1696 3901; x_wconf 79' lang='lat' dir='ltr'>kingdom</span> <span class='ocrx_word' id='word_1_254' title='bbox 1732 3838 1791 3898; x_wconf 62' lang='grc' dir='ltr'>ο]</span> <span class='ocrx_word' id='word_1_255' title='bbox 1828 3838 1939 3889; x_wconf 78' lang='lat' dir='ltr'>God</span> <span class='ocrx_word' id='word_1_256' title='bbox 1978 3854 2009 3887; x_wconf 83' lang='lat' dir='ltr'>a</span> <span class='ocrx_word' id='word_1_257' title='bbox 2054 3840 2163 3903; x_wconf 78' lang='lat' dir='ltr'>holy</span> 
     </span>
     <span class='ocr_line' id='line_1_35' title="bbox 1237 3908 2164 3976; baseline 0.001 -18"><span class='ocrx_word' id='word_1_258' title='bbox 1237 3910 1425 3973; x_wconf 61' lang='lat' dir='ltr'>spii-H!</span> <span class='ocrx_word' id='word_1_259' title='bbox 1467 3909 1617 3976; x_wconf 83' lang='lat' dir='ltr'>(Sax.</span> <span class='ocrx_word' id='word_1_260' title='bbox 1642 3908 1828 3958; x_wconf 73' lang='lat' dir='ltr'>Cliton.</span> <span class='ocrx_word' id='word_1_261' title='bbox 1862 3910 1963 3958; x_wconf 84' lang='lat' dir='ltr'>An.</span> <span class='ocrx_word' id='word_1_262' title='bbox 1990 3908 2164 3973; x_wconf 81' lang='lat'>1065.)</span> 
     </span>
    </p>
   </div>
   <div class='ocr_carea' id='block_1_5' title="bbox 263 3976 2162 4321">
    <p class='ocr_par' dir='ltr' id='par_1_14' title="bbox 263 3976 2162 4321">
     <span class='ocr_line' id='line_1_36' title="bbox 340 3976 2162 4043; baseline -0.001 -14"><span class='ocrx_word' id='word_1_263' title='bbox 340 3977 358 4011; x_wconf 86' lang='lat'>¹</span> <span class='ocrx_word' id='word_1_264' title='bbox 404 3980 686 4043; x_wconf 79' lang='lat' dir='ltr'>Simplicem</span> <span class='ocrx_word' id='word_1_265' title='bbox 727 3980 958 4043; x_wconf 71' lang='lat' dir='ltr'>spiritum</span> <span class='ocrx_word' id='word_1_266' title='bbox 1009 3980 1190 4029; x_wconf 76' lang='lat' dir='ltr'>coelesti</span> <span class='ocrx_word' id='word_1_267' title='bbox 1239 3978 1380 4043; x_wconf 85' lang='lat' dir='ltr'>King</span> <span class='ocrx_word' id='word_1_268' title='bbox 1403 3976 1661 4028; x_wconf 84' lang='lat' dir='ltr'>Eadward</span> <span class='ocrx_word' id='word_1_269' title='bbox 1674 3976 1795 4026; x_wconf 88' lang='lat' dir='ltr'>died</span> <span class='ocrx_word' id='word_1_270' title='bbox 1816 3993 1881 4027; x_wconf 87' lang='lat' dir='ltr'>on</span> <span class='ocrx_word' id='word_1_271' title='bbox 1892 3978 2162 4040; x_wconf 81' lang='lat' dir='ltr'>Thursday</span> 
     </span>
     <span class='ocr_line' id='line_1_37' title="bbox 267 4048 2162 4113; baseline -0.001 -16"><span class='ocrx_word' id='word_1_272' title='bbox 267 4062 419 4111; x_wconf 78' lang='lat' dir='ltr'>regno</span> <span class='ocrx_word' id='word_1_273' title='bbox 433 4048 704 4113; x_wconf 63' lang='lat' dir='ltr'>exhibuit]</span> <span class='ocrx_word' id='word_1_274' title='bbox 725 4050 833 4099; x_wconf 84' lang='lat' dir='ltr'>The</span> <span class='ocrx_word' id='word_1_275' title='bbox 855 4048 1089 4098; x_wconf 83' lang='lat' dir='ltr'>editores</span> <span class='ocrx_word' id='word_1_276' title='bbox 1103 4048 1188 4098; x_wconf 88' lang='lat' dir='ltr'>the</span> <span class='ocrx_word' id='word_1_277' title='bbox 1235 4050 1320 4097; x_wconf 91' lang='lat' dir='ltr'>the</span> <span class='ocrx_word' id='word_1_278' title='bbox 1345 4048 1432 4097; x_wconf 62' lang='lat' dir='ltr'>eth</span> <span class='ocrx_word' id='word_1_279' title='bbox 1454 4048 1511 4098; x_wconf 82' lang='lat' dir='ltr'>of</span> <span class='ocrx_word' id='word_1_280' title='bbox 1526 4048 1563 4098; x_wconf 86' lang='lat' dir='ltr'><strong>J</strong></span> <span class='ocrx_word' id='word_1_281' title='bbox 1565 4062 1647 4097; x_wconf 90' lang='lat' dir='ltr'>an.</span> <span class='ocrx_word' id='word_1_282' title='bbox 1666 4051 1814 4107; x_wconf 84' lang='lat'>1⁰66,</span> <span class='ocrx_word' id='word_1_283' title='bbox 1829 4048 2004 4097; x_wconf 79' lang='lat' dir='ltr'>astera</span> <span class='ocrx_word' id='word_1_284' title='bbox 2018 4050 2162 4111; x_wconf 88' lang='lat' dir='ltr'>reign</span> 
     </span>
     <span class='ocr_line' id='line_1_38' title="bbox 267 4116 2161 4186; baseline -0.001 -19"><span class='ocrx_word' id='word_1_285' title='bbox 267 4118 437 4169; x_wconf 82' lang='lat' dir='ltr'>Saxon</span> <span class='ocrx_word' id='word_1_286' title='bbox 481 4119 752 4169; x_wconf 85' lang='lat' dir='ltr'>Chronicle</span> <span class='ocrx_word' id='word_1_287' title='bbox 806 4118 959 4186; x_wconf 84' lang='lat' dir='ltr'>(Rev.</span> <span class='ocrx_word' id='word_1_288' title='bbox 1003 4118 1058 4169; x_wconf 84' lang='lat' dir='ltr'>J.</span> <span class='ocrx_word' id='word_1_289' title='bbox 1104 4120 1190 4167; x_wconf 88' lang='lat' dir='ltr'>In·</span> <span class='ocrx_word' id='word_1_290' title='bbox 1235 4118 1294 4167; x_wconf 85' lang='lat' dir='ltr'>of</span> <span class='ocrx_word' id='word_1_291' title='bbox 1303 4118 1660 4179; x_wconf 86' lang='lat' dir='ltr'>twenty-three</span> <span class='ocrx_word' id='word_1_292' title='bbox 1672 4130 1840 4179; x_wconf 77' lang='lat' dir='ltr'>years,</span> <span class='ocrx_word' id='word_1_293' title='bbox 1850 4118 1931 4166; x_wconf 82' lang='lat' dir='ltr'>six</span> <span class='ocrx_word' id='word_1_294' title='bbox 1945 4116 2161 4179; x_wconf 85' lang='lat' dir='ltr'>months,</span> 
     </span>
     <span class='ocr_line' id='line_1_39' title="bbox 264 4185 1900 4252; baseline -0.002 -14"><span class='ocrx_word' id='word_1_295' title='bbox 264 4185 430 4252; x_wconf 85' lang='lat' dir='ltr'>gram)</span> <span class='ocrx_word' id='word_1_296' title='bbox 453 4194 688 4251; x_wconf 82' lang='lat' dir='ltr'>suggests</span> <span class='ocrx_word' id='word_1_297' title='bbox 711 4189 822 4239; x_wconf 87' lang='lat' dir='ltr'>that</span> <span class='ocrx_word' id='word_1_298' title='bbox 837 4188 1190 4251; x_wconf 81' lang='lat' dir='ltr'>Malmesbury</span> <span class='ocrx_word' id='word_1_299' title='bbox 1238 4189 1340 4238; x_wconf 81' lang='lat' dir='ltr'>and</span> <span class='ocrx_word' id='word_1_300' title='bbox 1359 4192 1731 4249; x_wconf 82' lang='lat' dir='ltr'>twenty-seven</span> <span class='ocrx_word' id='word_1_301' title='bbox 1752 4186 1900 4247; x_wconf 84' lang='lat' dir='ltr'>days.</span> 
     </span>
     <span class='ocr_line' id='line_1_40' title="bbox 263 4254 2157 4321; baseline -0.001 -16"><span class='ocrx_word' id='word_1_302' title='bbox 263 4255 358 4307; x_wconf 83' lang='lat' dir='ltr'>has</span> <span class='ocrx_word' id='word_1_303' title='bbox 389 4259 610 4320; x_wconf 84' lang='lat' dir='ltr'>adopted</span> <span class='ocrx_word' id='word_1_304' title='bbox 643 4259 728 4308; x_wconf 84' lang='lat' dir='ltr'>the</span> <span class='ocrx_word' id='word_1_305' title='bbox 749 4273 872 4319; x_wconf 80' lang='lat' dir='ltr'>very</span> <span class='ocrx_word' id='word_1_306' title='bbox 896 4260 1188 4319; x_wconf 84' lang='lat' dir='ltr'>expression</span> <span class='ocrx_word' id='word_1_307' title='bbox 1305 4256 1327 4289; x_wconf 75' lang='lat'>²</span> <span class='ocrx_word' id='word_1_308' title='bbox 1349 4258 1419 4306; x_wconf 77' lang='lat' dir='ltr'>Ut</span> <span class='ocrx_word' id='word_1_309' title='bbox 1439 4272 1587 4321; x_wconf 78' lang='lat' dir='ltr'>supra</span> <span class='ocrx_word' id='word_1_310' title='bbox 1608 4254 1761 4316; x_wconf 72' lang='lat' dir='ltr'>dixi-J</span> <span class='ocrx_word' id='word_1_311' title='bbox 1791 4256 1949 4318; x_wconf 75' lang='lat'>§196,</span> <span class='ocrx_word' id='word_1_312' title='bbox 1965 4270 2017 4317; x_wconf 91' lang='lat' dir='ltr'>p.</span> <span class='ocrx_word' id='word_1_313' title='bbox 2044 4258 2157 4304; x_wconf 72' lang='lat'><strong>330.</strong></span> 
     </span>
    </p>
   </div>
   <div class='ocr_carea' id='block_1_6' title="bbox 1745 4330 1858 4393">
    <p class='ocr_par' dir='ltr' id='par_1_15' title="bbox 1745 4330 1858 4393">
     <span class='ocr_line' id='line_1_41' title="bbox 1745 4330 1858 4393; baseline 0 0"><span class='ocrx_word' id='word_1_314' title='bbox 1745 4330 1858 4393; x_wconf 79' lang='lat'>20</span> 
     </span>
    </p>
   </div>
  </div>
 </body>
</html>
