3023 5045
794 473 927 540 358
1225 485 1454 534 casu
1499 483 1756 532 nucum
1804 481 2233 534 umbonum,
2424 465 2595 548 [un.
2629 480 2713 528 11.

805 645 1114 714 evanuit.
1217 642 1515 727 Corpus,
1544 661 1742 707 muro
1771 639 2203 725 applicitum,
2234 637 2569 704 vastitate
2598 637 2712 702 sui

811 748 1142 813 moenium
1207 743 1645 809 altitudinem
1706 742 1915 820 vicit3
1990 740 2109 806 sed
2182 738 2714 822 procedentibus

815 849 1081 921 diebu&
1107 843 1474 910 stillicidiis
1506 842 1877 908 rorulentis
1920 840 2252 917 infusum,
2282 850 2713 904 communem

818 946 1213 1016 mortalium
1259 944 1765 1026 corruptionem
1798 940 2111 1023 agnovit,
2164 944 2327 1006 cute
2370 938 2604 1008 soluta
2646 946 2721 1003 et

825 1047 1056 1114 nervis
1085 1044 1486 1109 fluentibus.

1051 1281 1148 1328 DE
1192 1279 1525 1328 MULIERE
1570 1278 1719 1330 DUo
1764 1277 2100 1326 GORPORA
2148 1277 2511 1326 HABENTE.

512 1467 551 1508 A
568 1463 718 1514 ama
735 1461 796 1501 21-
939 1440 1152 1524 §202
1199 1440 1400 1504 Tunc
1445 1455 1724 1522 quoque
1769 1436 1841 1501 in
1890 1435 2193 1503 confinio
2239 1421 2623 1500 Britanniae
2668 1441 2739 1499 et

513 1517 713 1615 Ῑιῖῗὲἷῖηῗ
729 1562 814 1603 ana
840 1539 1292 1605 Normanniae
1335 1545 1732 1622 portentum
1764 1537 1990 1610 visum
2036 1543 2145 1600 est
2173 1536 2247 1601 in
2281 1554 2423 1600 una
2450 1535 2565 1599 vel
2608 1555 2734 1617 po-

519 1615 779 1664 ⁸⁰m⁸¹¹⁶''
838 1642 981 1707 tius
1012 1640 1283 1704 duabus
1327 1637 1755 1702 mulieribus.
1841 1636 2005 1700 Duo
2036 1643 2236 1700 erant
2268 1636 2527 1718 capita,
2557 1653 2733 1716 qua-

841 1749 1002 1806 tuor
1030 1739 1336 1816 brachia,
1369 1743 1440 1803 et
1481 1743 1738 1800 caetera
1784 1736 2061 1818 gemina
2102 1735 2336 1800 omnia
2380 1754 2602 1817 usque
2648 1735 2735 1797 ad

844 1839 1292 1906 umbilicum:
1361 1836 1647 1901 inferius
1700 1837 1839 1901 duo
1896 1855 2122 1915 crura,
2175 1835 2313 1899 duo
2368 1834 2606 1918 pedes,
2666 1840 2736 1897 et

846 1947 1102 2006 caetera
1135 1939 1368 2005 omnia
1411 1935 1714 2018 singula.
1818 1935 2147 2014 Ridebat,
2178 1935 2606 2011 comedebat,
2634 1934 2737 1998 lo-

848 2041 1192 2123 quebatur
1238 2055 1420 2102 una:
1470 2036 1707 2114 flebat,
1758 2035 2130 2113 esuriebat,
2178 2036 2455 2100 tacebat
2492 2034 2736 2099 altera.

853 2141 994 2204 Ore
1034 2137 1311 2222 gemino
1353 2137 1925 2214 manducabatur,
1973 2135 2097 2200 sed
2150 2155 2293 2200 uno
2344 2142 2581 2200 meatu
2636 2135 2738 2197 di—

853 2240 1244 2322 gerebatur.
1348 2236 1715 2302 Postremo
1757 2255 1901 2300 una
1954 2233 2309 2312 defuncta,
2352 2234 2744 2318 supervixit

853 2341 1111 2404 altera:
1159 2337 1468 2421 portavit
1492 2355 1668 2419 pene
1710 2335 2007 2400 triennio
2036 2335 2202 2400 viva
2226 2342 2597 2412 mortuam,
2622 2329 2745 2398 db-

855 2459 982 2503 nec
1037 2447 1107 2502 et
1156 2437 1336 2502 mole
1387 2435 1712 2519 ponderis
1763 2442 1835 2499 et
1879 2435 2117 2500 nidore
2178 2435 2537 2500 cadaveris
2595 2435 2751 2517 ipsa

857 2559 1134 2622 quoque
1182 2526 1458 2602 defecit.
1563 2535 1901 2602 Putatum
1948 2542 2055 2601 est
2102 2555 2147 2601 a
2194 2536 2633 2618 quibusdam,
2678 2542 2752 2599 et

857 2639 1078 2703 literis
1139 2637 1348 2701 etiam
1403 2635 1761 2713 traditum,
1822 2636 2009 2718 quod
2066 2635 2175 2703 hae
2221 2636 2545 2701 mulieres
2600 2634 2753 2701 An-

863 2738 1076 2820 gliam
1103 2743 1175 2800 et
1203 2734 1707 2800 Normanniam
1750 2734 2337 2817 significaverint;
2384 2756 2565 2818 quae,
2590 2736 2755 2800 licet

863 2836 1112 2919 spatiis
1143 2843 1482 2900 terrarum
1516 2836 1657 2899 sint
1683 2835 1951 2913 divisae,
1983 2841 2147 2900 sunt
2175 2841 2409 2900 tamen
2451 2836 2582 2900 sub
2614 2856 2754 2899 uno

864 2936 1170 3000 dominio
1218 2936 1455 3000 unitae.
1562 2934 1702 2999 Hae
1746 2935 2068 3019 quicquid
2114 2936 2560 3016 pecuniarum
2608 2936 2758 3000 avi-

867 3036 974 3101 dis
1006 3035 1320 3100 faucibus
1361 3035 1849 3112 insorbuerint,
1894 3035 1968 3101 in
2018 3054 2229 3099 unam
2270 3035 2593 3103 lacunam
2637 3035 2757 3099 de·-

869 3136 1048 3212 fluit,
1075 3155 1232 3218 quae
1263 3136 1357 3198 sit
1378 3134 1493 3199 vel
1538 3134 1924 3217 principum
1958 3135 2280 3213 avaritia,
2308 3136 2423 3200 vel
2466 3136 2757 3201 circum·-

872 3236 1254 3317 positarum
1281 3235 1590 3317 gentium
1619 3234 1915 3301 ferocia:
1950 3242 2295 3301 mortuam
2323 3243 2395 3299 et
2422 3255 2601 3318 pene
2634 3256 2756 3300 ex-

873 3333 1194 3401 haustam
1230 3334 1734 3399 Normanniam
1766 3335 2013 3417 vigens
2062 3334 2373 3417 pecuniis
2414 3343 2761 3401 sustentat

854 3432 1159 3516 ‚Anglia,
1194 3433 1412 3499 donec
1453 3442 1526 3499 et
1570 3434 1727 3516 ipsa
1757 3433 2075 3499 fortassis
2118 3437 2524 3501 succumbat
2552 3456 2757 3501 exac-

855 3541 1106 3611 torum
1151 3534 1529 3613 violentia;
1576 3534 1747 3598 felix
1794 3534 1857 3598 si
1902 3554 2211 3617 unquam
2252 3535 2327 3599 in
2368 3536 2757 3601 libertatem

877 3635 1217 3716 respirare
1242 3634 1523 3715 poterit,
1551 3633 1751 3718 cujus
1782 3634 2059 3700 inanem
2076 3635 2489 3718 jamdudum
2532 3655 2761 3718 perse·-

878 3735 1114 3815 quitur
1154 3734 1492 3797 umbram.
1596 3732 1807 3797 Nunc
1849 3735 2065 3816 gemit
2104 3734 2619 3801 calamitatibus
2664 3736 2763 3801 af-

877 3832 1089 3908 flicta,
1136 3834 1582 3916 pensionibus
1626 3833 1939 3899 addicta:
1987 3853 2269 3900 causam
2314 3834 2607 3920 hujusce
2650 3856 2760 3903 ca·

875 3931 1208 3999 lamitatis
1251 3933 1657 4010 describam,
1702 3934 1763 3997 si
1804 3934 1995 4015 prius
2028 3935 2347 4016 quaedam
2390 3935 2636 4001 dixero
2681 3936 2762 4001 ad

874 4052 1016 4096 rem
1071 4032 1515 4116 pertinentia.
1572 4026 1579 4033 ’
1637 4031 1825 4111 Quia
1868 4034 2049 4102 enim
2103 4033 2407 4100 forensia
2454 4044 2657 4119 gesta
2698 4043 2763 4101 et

547 4148 807 4189 accountor
857 4126 1157 4215 'negotia
1188 4133 1443 4198 bellica
1484 4152 1723 4215 regum
1756 4131 2144 4215 Anglorum
2176 4133 2311 4199 huc
2339 4155 2561 4218 usque
2606 4156 2762 4202 con·

545 4202 846 4290 ἷζῗιῗέῗῖωω
873 4234 1092 4309 texui,
1137 4233 1306 4297 libet
1353 4232 1853 4316 aliquantisper
1902 4234 1974 4297 in
2030 4236 2398 4301 sanctitate
2463 4256 2761 4319 quorun-
