3023 5045
301 499 434 546 Lm.
469 484 554 563 1.]
739 498 970 547 ensi-A
1017 497 1274 546 1111111111
1325 495 1751 546 ANcmRuM.
2118 479 2208 548 53

299 647 628 738 ¹Sapwic,
651 656 866 734 Stret,
889 657 1347 734 Budecalech,
1363 651 1701 735 'Piltune,
1724 657 1943 722 necin
1966 653 2205 724 earum

293 757 600 839 capeHiS,
647 758 770 821 sed
817 778 944 822 nec
987 759 1060 821 in
1103 759 1372 836 insuliS,
1418 759 1653 842 aliqua
1702 759 2204 825 interveniente

293 858 680 936 occasione,
712 860 1078 942 episcopus
1121 859 1253 923 sibi
1296 859 1759 942 episcopalem
1804 859 2201 926 cathedram

289 965 624 1037 statuere,
651 980 781 1024 nec
821 961 1140 1024 solennes
1185 960 1555 1038 celebrare,
1586 980 1713 1025 nec
1758 961 2009 1026 altaria
2035 981 2201 1025 con-

289 1078 586 1138 secrare,
660 1081 789 1125 nec
861 1061 1189 1126 ecclesias
1283 1060 1623 1139 dedicare,
1712 1081 1841 1126 nec
1927 1062 2201 1128 ordines

287 1157 539 1239 facere,
589 1181 718 1226 nec
759 1161 1022 1246 aliquid
1065 1162 1344 1226 omnino
1389 1162 1757 1245 disponere
1798 1171 2200 1244 praesumat,

289 1261 418 1325 nisi
463 1264 558 1327 ab
606 1263 882 1341 abbate,
929 1263 1041 1328 vel
1087 1283 1134 1326 a
1178 1260 1506 1326 fratribus
1554 1262 1864 1348 ejusdem
1913 1264 2050 1328 loci
2092 1265 2198 1328 in-

285 1361 550 1427 vitatus
595 1363 824 1428 fuerit.
930 1362 1136 1442 Quod
1183 1365 1246 1426 si
1289 1363 1381 1426 ad
1421 1363 1555 1427 hoc
1596 1371 1885 1428 vocatus
1910 1365 2201 1443 venerit,

289 1462 460 1526 nihil
489 1464 582 1527 de
627 1465 832 1528 rebus
879 1465 1212 1542 ecclesiae,
1257 1463 1378 1528 sed
1426 1483 1555 1528 nee
1601 1464 1686 1527 de
1732 1464 1902 1547 ipsis
1948 1465 2199 1530 oblati·

285 1565 536 1628 onibus
586 1565 736 1648 ipse
788 1564 921 1628 sibi
975 1564 1238 1648 aliquid
1284 1572 1595 1648 usurpet,
1644 1563 1869 1629 sciens
1930 1564 2199 1630 duobus

283 1665 354 1728 in
399 1665 582 1730 locis
640 1686 730 1730 ex
780 1666 998 1749 ipsius
1055 1666 1365 1730 ecclesiae
1419 1665 1967 1749 possessionibus
2024 1666 2199 1731 duas

287 1767 416 1831 sibi
474 1766 834 1850 delegatas
876 1767 1294 1845 mansioneS,
1325 1787 1537 1831 unam
1591 1767 1665 1830 in
1714 1760 1738 1797 ³
1750 1765 2058 1845 Piltuna,
2095 1768 2198 1831 al·

288 1874 514 1932 teram
559 1869 634 1931 in
678 1867 849 1933 villa
898 1888 1054 1951 quae
1083 1860 1329 1932 *Poelt
1359 1867 1633 1944 dicitur,
1674 1875 1754 1932 ut
1798 1867 2050 1932 habeat
2080 1869 2199 1932 ubi

286 1969 398 2033 vel
448 1969 828 2034 adveniens
872 1969 1282 2052 hospitetur,
1331 1969 1445 2034 vel
1507 1968 1669 2032 inde
1710 1969 1995 2033 veniens
2046 1987 2199 2034 sese

283 2071 602 2154 recipiat.
708 2069 958 2154 Neque
1004 2070 1187 2134 enim
1234 2089 1391 2133 eum
1437 2070 1558 2147 ibi,
1606 2069 1742 2132 nisi
1790 2069 2199 2152 importuni-

285 2178 430 2236 tate
505 2172 837 2254 temporis
907 2178 1032 2235 aut
1105 2171 1424 2234 molestia
1493 2170 1803 2253 corporis
1877 2170 2197 2234 detentus

279 2269 520 2349 suerit,
551 2279 677 2336 aut
703 2272 791 2336 ab
830 2272 1082 2336 abbate
1108 2270 1222 2337 vel
1265 2271 1593 2335 fratribus
1636 2278 1924 2352 rogatus
1967 2270 2199 2349 fuerit,

284 2393 410 2437 nec
459 2373 760 2457 amplius
804 2391 1012 2456 quam
1055 2392 1213 2436 cum
1258 2372 1480 2436 tribus
1525 2378 1649 2435 aut
1694 2390 1849 2434 cum
1896 2379 2201 2454 quatuor

281 2473 557 2540 clericis
607 2480 1015 2559 pernoctare
1063 2473 1248 2538 licet.
1355 2471 1518 2537 Hoc
1558 2473 1767 2537 etiam
1820 2472 2200 2556 praevideat

283 2576 472 2641 idem
518 2577 909 2659 episcopuS,
964 2582 1050 2639 ut
1106 2574 1398 2657 singulis
1455 2573 1656 2637 annis
1715 2593 1871 2637 cum
1930 2575 2197 2638 clericis

279 2677 428 2741 suis
492 2678 616 2761 qui
671 2670 694 2707 ⁵
710 2676 1083 2741 Fontineto
1139 2682 1327 2752 sunt,
1371 2675 1596 2757 ipsam
1640 2681 1929 2739 matrem
1995 2694 2196 2743 suam

283 2776 854 2843 Glastoniensem
900 2777 1284 2854 ecclesiam,
1315 2775 1636 2840 videlicet
1676 2774 1849 2839 feria
1892 2776 2198 2839 secunda

279 2887 442 2963 post
507 2878 1008 2944 Ascensionem
1065 2877 1373 2954 Domini,
1435 2896 1593 2940 cum
1641 2876 1901 2940 letania
1951 2896 2194 2958 recog·

275 2988 547 3047 noscat.
656 2978 864 3058 Quod
901 2980 962 3042 si
1004 2978 1330 3061 superbia
1375 2976 1660 3041 inflatus
1705 2996 1859 3041 eam
1911 2976 2195 3040 distule-

281 3083 395 3160 rit,
462 3088 538 3146 et
595 3100 751 3164 quae
807 3079 1121 3164 superius
1187 3079 1374 3143 dicta
1424 3086 1496 3142 et
1554 3078 1961 3141 confirmata
2032 3085 2196 3142 sunt

279 3181 876 3265 praevaricaverit,
908 3181 1300 3245 mansiones
1329 3178 1462 3243 sibi
1493 3180 1809 3262 superius
1839 3178 2193 3260 delegatas

277 3286 588 3349 amittat.
690 3281 932 3347 Abbas
964 3282 1071 3346 vel
1101 3280 1491 3345 monachia
1519 3299 1951 3362 quocumque
1998 3279 2195 3342 volu·

278 3388 488 3464 erint,
550 3385 671 3468 qui
734 3382 1011 3447 Pascha
1070 3383 1476 3446 canonicum
1536 3380 1858 3457 celebret,
1914 3379 2193 3444 ecclesi-

279 3488 507 3552 astica
551 3492 990 3550 sacramenta
1035 3484 1110 3547 in
1140 3481 1621 3565 Glastingensi
1664 3481 1976 3558 ecclesia,
2022 3489 2093 3545 et
2117 3481 2195 3544 in

280 3587 595 3653 ecclesiis
640 3586 772 3651 sibi
816 3585 1132 3662 subditis,
1172 3591 1244 3648 et
1285 3585 1358 3648 in
1404 3602 1641 3646 earum
1686 3581 1993 3666 capelliS,
2036 3602 2192 3665 per-

278 3690 564 3773 cipiant.
713 3685 1048 3769 Quisquis
1119 3692 1353 3749 autem
1425 3683 1635 3767 hujus
1706 3682 2192 3747 munificentiae

276 3810 450 3855 meae
484 3797 559 3854 et
585 3787 1024 3852 liberalitatis
1053 3792 1569 3862 testamentum,
1597 3783 1842 3867 quovis
1871 3782 2194 3866 deinceps

279 3899 615 3976 tempore,
656 3889 895 3972 aliqua
940 3887 1322 3964 occasione,
1369 3884 1740 3969 cujuslibet
1786 3883 1996 3947 etiam
2042 3882 2194 3965 dig-

361 4199 634 4267 wamia]
667 4200 730 4250 E.
753 4216 768 4260 ;
789 4198 1043 4261 Sapweie,
1066 4199 1216 4249 DM.
1337 4194 1358 4227 ⁴
1381 4196 1569 4259 Poeta]
1605 4196 1704 4255 E.;
1736 4194 1959 4255 Wohelt,
1980 4194 2051 4245 D.
2072 4194 2153 4243 M.

354 4270 375 4300 ²
391 4268 644 4341 Pictum]
672 4272 742 4321 Ε.
760 4286 775 4331 ;
798 4269 1044 4330 wiltune,
1065 4270 1214 4319 DM.
1334 4266 1355 4295 ⁵
1379 4265 1684 4329 Fontineto]
1720 4265 1902 4328 Wells,
1923 4265 1977 4314 in
1999 4264 2198 4313 Somer·

355 4342 375 4373 ³
391 4344 648 4409 Pittacum]
675 4344 779 4402 E.;
803 4340 1215 4402 WiltunQDM.
1263 4338 1492 4388 setshire.
