3023 5045
272 509 408 556 mn.
445 491 562 574 11.]
721 507 951 558 cesi-A
997 507 1254 557 RBGUM
1302 507 1735 557 Ancmnuu.
2046 492 2179 558 311

271 667 537 732 aderat.
673 667 1121 753 Quapropter
1175 670 1329 735 Deo
1388 669 1851 753 omnipotenti
1910 668 2179 751 gratias

267 768 676 850 magnificas
754 770 990 848 redd0,
1049 771 1219 854 quia
1282 772 1519 836 omnia
1583 789 1741 854 quae
1810 768 2171 834 desidera-

270 889 534 947 veram,
582 878 792 953 prout
835 878 1066 935 mente
1117 865 1583 948 decrev'eram,
1626 890 1955 955 prospere
2012 889 2171 952 per-

268 967 427 1048 feci,
487 971 807 1054 votisque
877 972 1049 1036 meis
1107 973 1194 1036 ad
1255 972 1436 1038 velle
1505 971 1837 1038 satisfeci.
1959 970 2173 1035 Nunc

269 1070 512 1154 itaque
557 1072 652 1136 sit
690 1079 934 1136 notum
986 1073 1154 1156 quia
1192 1073 1329 1156 ipsi
1374 1072 1529 1136 Deo
1573 1073 1873 1156 supplex
1919 1071 2170 1137 devovi

269 1172 492 1236 vitam
539 1191 764 1236 meam
811 1193 858 1237 a
909 1172 1115 1237 modo
1159 1175 1234 1237 in
1283 1173 1601 1239 omnibus
1641 1172 2054 1258 justificare,
2098 1179 2173 1238 et

269 1291 492 1355 regna
535 1272 706 1336 mihi
751 1273 1030 1338 subdita
1069 1274 1503 1358 populosque
1543 1273 1737 1358 juste
1791 1280 1863 1338 et
1902 1274 2017 1356 pie
2060 1293 2169 1337 re-

269 1393 460 1454 gere,
489 1393 904 1457 aequumque
921 1374 1260 1459 judicium
1303 1395 1429 1458 per
1456 1367 1475 1406 ¹
1489 1393 1729 1439 omnes
1758 1374 2168 1455 observare;

271 1481 344 1538 et
389 1474 452 1538 si
500 1475 669 1557 quid
728 1495 852 1558 per
896 1495 1070 1540 meae
1112 1475 1508 1560 juventutis
1566 1475 2171 1558 intemperantiam

271 1582 394 1639 aut
442 1575 936 1657 negligentiam
973 1577 1336 1654 hactenuS,
1379 1582 1635 1660 praeter
1676 1576 1748 1640 id
1786 1575 1974 1659 quod
2011 1574 2168 1660 jus-

273 1682 426 1739 tum
471 1682 647 1753 erat,
694 1684 927 1741 actum
969 1684 1100 1754 est,
1130 1684 1356 1742 totum
1401 1677 1555 1741 Deo
1597 1676 1988 1741 auxiliante
2027 1675 2169 1740 dis-

271 1796 458 1858 pono
511 1777 898 1843 emendare.
1002 1777 1268 1842 Iccirco
1324 1779 1661 1855 obtestor,
1713 1784 1787 1842 et
1841 1776 2170 1860 praecipio

271 1878 444 1942 meis
487 1877 900 1943 consiliariis
926 1879 1178 1963 quibus
1207 1879 1406 1961 regni
1435 1879 1727 1943 consilia
1767 1876 2051 1955 credidi,
2084 1897 2172 1942 ne

271 1977 415 2042 ullo
471 1978 701 2056 modo,
745 1987 870 2044 aut
918 1987 1202 2064 propter
1243 1999 1472 2044 meum
1516 1979 1833 2044 timorem
1874 1985 1999 2042 aut
2040 1977 2171 2042 ali-

273 2079 477 2163 cujus
521 2081 828 2162 potentis
873 2099 1188 2164 personae
1227 2079 1558 2159 favorem,
1602 2081 1907 2164 aliquam
1947 2078 2171 2163 injus-

270 2181 500 2244 titiam
532 2199 578 2244 a
619 2180 824 2246 modo
869 2183 1330 2259 consentiant,
1363 2182 1477 2246 vel
1511 2181 1774 2245 faciant
1802 2179 2171 2264 pullulare,

271 2281 344 2344 in
396 2281 585 2346 omni
637 2302 852 2364 regno
910 2302 1086 2348 meo.
1191 2281 1537 2365 Praecipio
1595 2283 1805 2346 etiam
1854 2280 2173 2345 omnibus

271 2380 792 2447 vicecomitibus
835 2390 907 2447 et
949 2384 1344 2467 praepositis
1409 2382 1717 2448 universi
1774 2381 1972 2464 regni
2012 2382 2171 2459 mei,

273 2482 460 2547 sicut
501 2500 726 2547 meam
779 2483 1029 2550 volunt
1075 2484 1328 2549 habere
1377 2483 1751 2549 amicitiam
1799 2488 1925 2547 aut
1972 2501 2173 2546 suam

275 2585 597 2662 salutem,
642 2591 725 2648 ut
757 2585 930 2650 nulli
967 2586 1250 2663 homini,
1293 2604 1420 2649 nec
1449 2583 1651 2650 diviti
1688 2603 1815 2649 nec
1858 2584 2173 2666 pauperi,

275 2686 416 2751 vim
465 2684 804 2769 injustam.
845 2686 1192 2768 inferant3
1237 2685 1358 2750 sed
1409 2686 1752 2763 omnibuS,
1780 2693 1927 2751 tam
1975 2684 2173 2749 nobi-

271 2786 456 2851 libus
501 2804 712 2869 quam
771 2786 1216 2869 ignobilibuS,
1271 2786 1366 2851 sit
1420 2786 1531 2851 fas
1580 2785 1781 2870 justa
1835 2785 1991 2867 lege
2046 2804 2174 2868 po-

273 2886 525 2963 tiundi,
577 2906 622 2951 a
664 2906 808 2971 qua
849 2906 977 2951 nec
1020 2894 1306 2971 propter
1349 2886 1661 2952 favorem
1708 2885 2001 2969 regium,
2044 2904 2175 2949 nec

274 2994 563 3071 propter
602 2986 806 3071 alicuj
814 3006 898 3051 us
941 2989 1244 3071 potentis
1285 3006 1678 3071 personam,
1723 3006 1851 3051 nec
1891 2993 2176 3069 propter

274 3088 447 3153 mihi
506 3088 1012 3171 congerendam
1071 3090 1460 3171 pecuniam,
1524 3087 1669 3151 ullo
1718 3086 1923 3152 modo
1982 3085 2175 3151 devi-

275 3196 424 3267 ent,
485 3189 654 3272 quia
707 3188 902 3253 nulla
957 3188 1126 3252 mihi
1184 3188 1564 3255 necessitas
1624 3174 1734 3253 est
1795 3194 1877 3252 ut
1934 3188 2177 3270 iniqua

275 3290 650 3354 exactione
704 3290 1000 3373 pecunia
1057 3289 1226 3355 mihi
1285 3296 1725 3372 congeratur.
1827 3289 1981 3371 Ego
2037 3288 2173 3352 ita-

278 3410 414 3475 que
473 3398 712 3455 notum
769 3390 968 3456 vobis
1029 3390 1178 3455 fieri
1233 3390 1420 3469 volo,
1482 3389 1691 3474 quod,
1752 3389 1995 3455 eadem
2058 3389 2178 3453 via

279 3510 422 3574 qua
466 3490 654 3555 exivi
703 3492 1124 3574 regredienS,
1169 3490 1755 3555 Danemarchiam
1796 3489 2004 3566 vado,
2048 3507 2191 3572 pa·-

276 3612 430 3657 cem
477 3599 549 3656 et
597 3591 869 3656 firmum
917 3600 1225 3676 pactum,
1269 3591 1577 3656 omnium
1607 3590 1971 3654 Danorum
2010 3608 2179 3653 con-

273 3693 461 3771 silio,
511 3694 1019 3776 compositurus
1077 3712 1234 3758 cum
1290 3693 1390 3757 eis
1454 3692 1779 3774 gentibus
1836 3710 1997 3773 quae
2051 3708 2181 3753 nos

277 3800 352 3858 et
395 3794 548 3859 vita
595 3801 665 3858 et
712 3813 927 3876 regno
971 3794 1272 3877 privare,
1327 3792 1388 3857 si
1442 3793 1543 3856 eis
1594 3798 1777 3855 esset
1826 3790 2181 3874 possibile,

277 3894 656 3973 volebant3
725 3894 847 3959 sed
894 3914 1035 3959 non
1086 3900 1486 3978 potuerunt,
1535 3893 1691 3957 Deo
1736 3890 1999 3955 scilicet
2044 3890 2185 3955 vir-

279 4002 504 4060 tutem
572 4014 810 4059 eorum
875 3994 1298 4071 destruente,
1357 3994 1479 4077 qui
1545 4012 1673 4057 nos
1740 4010 1869 4056 sua
1938 3991 2183 4073 benig-

279 4096 502 4161 nitate
567 4096 642 4161 in
694 4116 910 4177 regno
972 4104 1041 4161 et
1090 4095 1348 4161 honore
1405 4099 1793 4171 conservet,
1852 4091 2185 4157 omnium·

714 4331 727 4361 ¹
760 4334 980 4398 Omnem]
1015 4336 1074 4385 C.
1098 4335 1169 4385 D.
1194 4335 1291 4395 E.;
1325 4332 1510 4395 omnia,
1532 4332 1599 4383 A.
1627 4332 1684 4382 S.
1708 4330 1773 4383 L.
