3023 5045
279 501 408 548 nm.
443 482 530 564 1.]
725 497 955 545 essTA
1003 497 1258 544 naemu
1307 497 1732 546 Anononum.
2096 481 2183 548 91

277 654 506 732 modo,
535 655 846 719 modicus
893 662 1124 721 tumor
1167 655 1238 722 in
1287 655 1578 738 pedibus
1628 655 1977 741 apparuit,
2000 655 2186 721 haud
2211 673 2469 764 ssfflm

277 755 528 820 dubius
561 756 806 820 vicinae
853 757 1095 821 mortis
1139 775 1498 840 praesagus
1528 763 1599 822 et
1625 756 1860 823 index.
1963 756 2187 833 Tunc,

273 855 496 920 accita
529 857 1090 938 congregatione,
1118 857 1440 920 inunctus
1489 863 1563 922 et
1602 855 2187 922 communicatus:

274 955 516 1019 osculo
562 956 834 1020 cunctis
885 956 1128 1033 libato,
1173 956 1478 1020 futuram
1530 958 1639 1021 sui
1686 958 2087 1022 memoriam
2148 976 2191 1022 a

275 1055 572 1136 singulis
599 1056 1005 1139 implorans,
1037 1057 1388 1120 nonnullis
1427 1057 1638 1121 etiam
1682 1057 2193 1136 familiariorem

281 1155 660 1219 amicitiam
705 1157 1007 1221 emeritis
1051 1157 1356 1234 xeniola,
1385 1177 1543 1240 quae
1569 1159 1641 1221 in
1669 1159 1953 1224 secretis
1984 1157 2192 1221 habe-

275 1257 420 1333 bat,
441 1255 742 1338 largitus
769 1263 900 1320 est.
1007 1256 1143 1320 Die
1175 1277 1338 1322 vero
1362 1255 1836 1336 AscensioniS,
1866 1279 2023 1322 cum
2043 1258 2195 1343 jam

275 1356 537 1433 anima,
585 1355 903 1438 fragilem
943 1376 1146 1420 usum
1190 1357 1498 1440 corporis
1545 1378 1784 1436 exosa,
1828 1359 2197 1442 egredique

275 1457 588 1538 gestiens
617 1456 1015 1540 palpitaret,
1060 1464 1306 1521 contra
1348 1458 1724 1523 oratorium
1754 1459 1827 1523 in
1862 1479 2001 1541 quo
2030 1479 2196 1523 con-

276 1562 607 1621 sueverat
661 1575 887 1635 orare,
939 1557 1164 1622 cilicio
1207 1557 1545 1641 subjecto,
1590 1558 2027 1642 decumbenS,
2059 1559 2195 1622 illi-

276 1652 444 1721 bato
507 1675 720 1720 sensu
783 1665 854 1721 et
903 1657 1105 1721 hilari
1153 1656 1356 1723 vultu
1400 1659 1700 1742 Spiritus
1751 1658 1992 1723 Sancti
2035 1678 2197 1740 gra-

279 1759 450 1822 tiam
495 1757 866 1835 invitabat,
909 1757 1169 1835 dicenS,
1225 1763 1246 1792 ‘
1270 1758 1332 1822 Ο
1381 1759 1543 1824 Rex
1588 1759 1853 1842 gloriae,
1898 1759 2198 1823 Domine

279 1858 648 1935 virtutum,
713 1859 834 1940 qui
888 1858 1352 1942 triumphator
1408 1858 1611 1924 hodie
1682 1879 1891 1942 super
1962 1879 2201 1923 omnes

281 1958 501 2022 coelos
557 1957 958 2036 ascendisti,
1017 1979 1107 2026 ne
1157 1959 1595 2043 derelinquas
1646 1979 1773 2024 nos
1828 1959 2199 2042 orphanoS‚

281 2058 402 2122 sed
434 2058 638 2122 mitte
666 2058 1080 2142 promissum
1127 2058 1362 2124 Patris
1415 2061 1489 2124 in
1539 2079 1667 2124 nos
1715 2059 2049 2142 Spiritum
2079 2080 2199 2124 ve·

279 2159 514 2224 ritatis
540 2159 584 2222 :’
638 2157 771 2222 hac
815 2161 1127 2224 oratione
1170 2159 1368 2225 finita
1420 2154 1849 2243 ¹supremum
1896 2160 2206 2240 efflavit;

284 2261 755 2342 subsequente
807 2267 878 2324 et
924 2261 1232 2323 omnium
1277 2261 1558 2325 naribus
1604 2254 1936 2344 ²expletis
1969 2262 2207 2338 odore,

281 2361 563 2443 qualem
633 2379 760 2423 nec
805 2361 1128 2424 cinnama
1182 2379 1310 2424 nec
1359 2362 1673 2425 balsama
1726 2362 2019 2444 spirant,
2080 2360 2203 2425 sed

281 2460 762 2545 paradisiaco,'
791 2467 866 2525 et
903 2479 1109 2544 quem
1147 2462 1448 2526 vernalis
1474 2463 1867 2545 ubicunque
1894 2463 2203 2526 locorum
2293 2449 2299 2460 '

283 2562 528 2627 exalat
563 2562 834 2649 laetitia.
934 2560 1290 2627 Humatus
1339 2570 1447 2627 est
1475 2570 1645 2627 tunc
1685 2563 1760 2626 in
1790 2563 2030 2628 eodem
2055 2583 2203 2627 mo-

286 2663 622 2740 nasterio,
672 2656 829 2725 ³sed
886 2662 1090 2726 modo
1145 2682 1302 2726 cum
1353 2664 1561 2729 beato
1614 2662 1999 2728 cuthberto
2057 2662 2207 2727 Du-

289 2764 502 2829 nelmi
531 2763 741 2827 situm
770 2762 958 2826 fama
983 2762 1376 2828 confirmat.

392 2864 429 2947 ᾖ
456 2863 570 2927 62.
617 2862 909 2945 Sepulta
937 2871 1045 2929 est
1073 2883 1230 2927 cum
1258 2884 1343 2949 eo
1372 2870 1725 2947 gestorum
1757 2863 1981 2929 omnis
2032 2884 2215 2947 pene

291 2965 547 3029 notitia
595 2982 816 3046 usque
865 2964 952 3027 ad
997 2971 1242 3027 nostra
1285 2972 1622 3047 tempora.
1728 2964 1925 3030 Adeo
1974 2966 2212 3028 nullus

289 3064 691 3147 Anglorum
732 3060 1115 3128 studiorum
1161 3064 1311 3149 ejus
1357 3066 1672 3144 aemulus,
1721 3066 1954 3130 nullus
1999 3065 2207 3147 glori·
2295 3110 2301 3123 .

289 3185 492 3230 arum
523 3164 674 3248 ejus
697 3184 965 3248 sequax
994 3164 1150 3242 fuit,
1184 3165 1302 3248 qui
1325 3167 1601 3231 omissae
1630 3174 1925 3239 monetae
1956 3165 2210 3230 lineam

289 3271 868 3351 persequeretur:
915 3266 1120 3349 pauci
1164 3286 1341 3349 quos
1387 3286 1627 3351 aequus
1673 3268 1933 3332 amavit
1976 3266 2022 3330 J
2028 3286 2212 3344 θεας,

292 3365 618 3451 quamvis
673 3366 894 3429 literis
952 3386 1096 3447 non,
1149 3367 1547 3449 ignobiliter
1618 3367 1994 3443 informati,
2063 3373 2213 3432 tota

291 3469 444 3539 vita
469 3467 823 3548 ingratum
865 3476 1443 3550 consumpserunt
1471 3469 1823 3533 silentium
1850 3490 1866 3549 ;
1914 3468 2056 3546 alii,
2091 3468 2211 3532 vix

295 3567 542 3653 primis
557 3560 806 3631 “labris
827 3567 984 3631 illas
1005 3575 1391 3650 gustantes,
1409 3570 1743 3651 ignavum
1760 3569 2215 3634 confoverunt

297 3670 544 3734 otium.
585 3664 590 3667 ’
649 3662 768 3732 Ita
797 3688 953 3738 cum
983 3688 1254 3751 semper
1283 3670 1481 3753 pigro
1507 3672 1902 3735 succederet
1932 3670 2216 3752 pigrior,

369 3845 385 3875 ¹
413 3847 706 3909 Sum-emam
741 3846 967 3912 efflavit]
1002 3846 1052 3895 Α
1087 3848 1236 3897 letter
1361 3846 1384 3879 ⁸
1405 3850 1505 3899 Sed
1520 3852 1656 3898 modo
1670 3886 1683 3901 .
1705 3885 1718 3900 .
1736 3849 1902 3908 ‚fama
1922 3850 2219 3914 confimat]

297 3917 610 3978 descriptive
645 3916 704 3965 of
735 3916 820 3965 the
855 3917 956 3965 last
990 3922 1234 3967 moments
1289 3919 1508 3983 Aelii-id,
1542 3936 1575 3969 a
1605 3921 1780 3983 priest,
1816 3921 1862 3969 is
1898 3920 2149 3982 reported·
2166 3925 2221 3969 to

215 4006 226 4014 ·
295 3989 358 4038 of
391 3988 558 4048 Beda,
595 3988 798 4036 written
829 3988 900 4048 by
932 4002 1026 4037 one
1064 3989 1124 4037 of
1154 3989 1235 4037 his
1288 3990 1417 4039 have
1454 3992 1615 4039 stolen
1661 3990 1849 4040 Beda's
1891 3992 2048 4040 bones
2091 3991 2219 4040 from

295 4059 478 4122 pupils
509 4062 714 4119 present
745 4061 800 4105 at
831 4058 916 4106 the
949 4058 1237 4108 historian’s
1289 4062 1324 4110 J
1327 4075 1508 4122 ari-om
1548 4062 1649 4111 and
1684 4062 1949 4123 deposited
1984 4062 2121 4111 them
2165 4063 2219 4110 in

299 4128 480 4190 death,
515 4130 561 4177 is
593 4128 798 4193 printed
828 4128 882 4175 in
906 4128 1008 4179 Mr.
1032 4130 1238 4179 Steven-
1289 4131 1374 4180 the
1397 4131 1657 4181 cathedra]
1678 4132 1868 4181 church
1890 4132 1950 4182 of
1971 4133 2225 4195 Durham,

298 4200 442 4251 son's
461 4198 810 4247 Introduction
841 4202 894 4247 to
918 4198 1080 4262 Beda,
1116 4200 1240 4249 His·
1291 4202 1344 4250 in
1366 4201 1451 4249 the
1475 4204 1618 4264 early
1639 4206 1754 4265 part
1785 4203 1843 4252 of
1868 4202 1953 4253 the
1990 4204 2221 4253 eleventh

299 4270 440 4320 toria
461 4269 842 4317 Ecclesiastica.
1291 4275 1521 4333 century.

381 4337 404 4367 ³
427 4332 701 4405 Expletia]
776 4339 845 4388 D.
882 4339 944 4388 E.
987 4340 1061 4389 M.
1079 4355 1095 4401 ;
1153 4356 1242 4403 op·
1365 4340 1386 4371 ⁴
1411 4338 1637 4411 Labda]
1673 4344 1739 4393 A.
1766 4344 1824 4393 S.
1853 4345 1993 4393 aL.
2012 4360 2029 4405 3
2062 4345 2227 4409 libris,

303 4409 482 4474 pletiS,
504 4408 569 4459 A.
597 4410 654 4459 S.
687 4410 746 4457 C.
772 4410 835 4457 L.
1297 4412 1363 4461 D.
1390 4413 1455 4463 E.
1480 4414 1557 4463 M.
