3023 5045
783 428 916 494 36⁰
1241 440 1469 489 cns'rA
1517 437 1771 488 uncum
1815 435 2251 486 Artemiten.
2412 414 2581 500 [Lm.
2616 428 2691 479 11.

789 599 1058 664 nifariae
1081 599 1494 664 conditionis
1526 591 1625 662 ¹et
1638 594 2086 681 professionis
2108 593 2439 658 sanctos?
2469 584 2696 668 20110-

793 721 947 766 rum
991 700 1446 783 nuncupatim
1497 698 1783 762 nomina
1832 704 1905 761 et
1946 695 2129 759 vitas
2177 692 2503 777 persequi
2567 707 2695 754 nec

797 785 1230 884 propositum
1260 807 1369 864 est
1385 818 1514 862 nec
1536 797 1796 875 otium3
1832 790 1856 828 ³
1871 813 2292 879 quanquam,
2312 792 2401 856 oh
2428 791 2487 856 si
2519 797 2695 854 tem-

799 919 932 983 pus
976 900 1143 965 olim
1187 899 1396 964 fuerit
1423 899 1675 981 super!
1722 895 1847 960 sed
1876 897 2146 972 tacebo,
2175 914 2264 957 ne
2295 892 2562 976 majora
2594 889 2698 954 vi-

801 1000 992 1064 ribus
1036 999 1280 1064 videar
1336 997 1668 1082 polliceri.
1774 993 2009 1078 Atque
2068 994 2243 1059 adeo
2300 992 2567 1056 nullum
2611 991 2700 1054 de

801 1099 1001 1182 plebe
1051 1118 1330 1164 necesse
1383 1105 1491 1163 est
1538 1095 1917 1173 nominare,
1976 1093 2099 1160 sed
2150 1099 2427 1158 tantum
2487 1091 2699 1174 regiae

805 1199 1041 1289 stirpis
1083 1218 1335 1282 pueros
1379 1197 1761 1281 puellasve,
1802 1201 1882 1260 ut
1932 1201 2184 1278 coeptae
2230 1193 2540 1258 materiae
2588 1211 2703 1255 or·-

805 1299 990 1364 bitas
1042 1299 1334 1380 ducam3
1379 1299 1747 1381 plerosque
1789 1296 2195 1359 innocenter
2236 1291 2480 1370 caesos,
2526 1310 2702 1374 quos

808 1419 950 1464 non
997 1398 1301 1463 humana
1346 1397 1769 1482 conjectura,
1814 1395 1937 1459 sed
1984 1395 2225 1459 divina
2264 1393 2471 1470 ratio,
2517 1411 2701 1456 mar·

809 1507 1002 1583 tyres
1063 1499 1538 1563 consecravit:
1603 1495 1787 1560 unde
1847 1496 2054 1559 datur
2096 1493 2422 1575 cognosci
2479 1510 2702 1574 quan·-

810 1606 956 1663 tam
1001 1598 1288 1663 fecerint
1346 1596 1647 1662 licentiae
1692 1594 2131 1678 voluptatum
2181 1592 2704 1675 parcimoniam,

812 1698 957 1780 qui,
990 1703 1136 1762 tam
1163 1698 1388 1762 facilis
1434 1696 1623 1761 necis
1648 1694 2079 1778 compendio,
2108 1693 2463 1757 coelestem
2496 1710 2705 1757 occu·

812 1803 1156 1883 paverunt
1183 1798 1499 1879 gloriam.

487 1909 668 1956 oswald.
683 1908 789 1959 ὼε
915 1896 1128 1980 §208⁸
1162 1891 1280 1961 ⁴In
1313 1895 1637 1962 laudibus
1660 1893 2043 1959 beatissimi
2062 1891 2398 1971 Oswaldi‚
2421 1892 2603 1974 regis
2632 1899 2705 1956 et

486 1961 572 2000 and
587 1963 761 2008 martyr.

813 1997 1164 2082 martyriS,
1224 1996 1298 2060 in
1347 1996 1686 2079 superiori
1738 1995 1916 2058 libro
1972 1992 2379 2076 aliquandiu
2432 1999 2712 2057 versata

813 2104 922 2161 est
971 2097 1234 2176 orati03
1303 2096 1504 2180 cujus
1552 2093 1945 2160 sanctitatis
1992 2093 2186 2157 fuere
2229 2092 2511 2169 indicia,
2552 2111 2711 2155 cum

815 2204 1094 2274 caetera,
1135 2190 1158 2226 ⁵
1173 2203 1321 2260 tum
1377 2195 1548 2259 illud
1589 2194 1775 2278 quod
1822 2193 2198 2272 secundum
2228 2192 2547 2280 quaedam
2593 2211 2710 2254 ex-

815 2296 1151 2380 emplaria
1192 2297 1264 2360 in
1310 2296 1528 2378 gestis
1560 2293 1949 2376 Anglorum
1999 2293 2352 2357 asseritur.
2459 2290 2547 2355 In
2594 2291 2711 2359 Se-

888 2617 902 2647 ¹
933 2621 1006 2668 Et
1022 2618 1381 2683 professionum]
1405 2617 1474 2671 A.
1499 2618 1559 2671 S.
1588 2621 1651 2671 C.
1673 2620 1744 2670 D.
1766 2642 1771 2661 ι
1794 2618 1969 2668 randis
2003 2618 2262 2680 capitulis.
2332 2618 2447 2669 Nec
2474 2618 2558 2668 hic
2593 2620 2714 2669 titu-

821 2692 867 2754 Ε
885 2694 933 2739 2.
963 2690 1061 2750 L.;
1093 2690 1302 2739 omitted
1323 2690 1378 2738 in
1400 2690 1448 2737 E
1466 2694 1513 2739 1.
1792 2690 1879 2739 lus
1910 2704 2003 2738 nec
2038 2690 2265 2751 proxime
2298 2702 2516 2751 sequens
2550 2694 2629 2739 est
2660 2690 2711 2738 in

891 2756 912 2789 ²
927 2760 1145 2815 Quorum
1160 2759 1476 2823 nuncupatim
1489 2758 1686 2807 nomina
1699 2763 1748 2807 et
1796 2760 1963 2809 indice
1986 2758 2325 2821 capitulorum
2344 2760 2538 2809 codicis
2560 2760 2715 2822 Mori,

822 2830 996 2893 vitea]
1019 2829 1086 2879 Δ.
1100 2830 1158 2879 S.
1175 2831 1312 2879 C.E.
1335 2846 1349 2889 3
1373 2830 1436 2879 L.
1450 2828 1602 2877 reads
1618 2829 1749 2877 ‘om-
1797 2830 1996 2878 etiamsi
2024 2836 2181 2890 caput
2202 2841 2312 2879 xlv.
2336 2830 2404 2877 sit
2422 2830 2477 2878 in
2497 2830 2612 2891 ipso
2634 2844 2715 2879 co·

825 2901 912 2949 nia
929 2900 943 2921 '
963 2899 1042 2948 for
1061 2900 1078 2927 ‘
1094 2900 1297 2961 nomina
1312 2900 1344 2960 3'
1367 2913 1580 2960 quorum
1616 2912 1749 2947 nunc
1798 2899 1932 2961 dice,
1974 2899 2112 2960 quod
2144 2902 2195 2948 et
2228 2899 2294 2954 de
2330 2899 2505 2949 codice
2545 2900 2719 2949 Cotto-

826 2970 1046 3032 pandere
1068 2971 1271 3018 nomina
1293 2974 1344 3019 et
1363 2970 1541 3030 vitam,
1564 2968 1633 3019 D.
1798 2969 1950 3018 niano
1988 2982 2052 3017 11.
2086 2968 2362 3017 notandum
2406 2973 2502 3031 est,
2537 2970 2629 3019 sed
2662 2970 2715 3018 in

901 3037 921 3067 ³
946 3040 1250 3103 Quanquam,
1271 3039 1334 3087 oh
1357 3039 1402 3086 si
1431 3042 1617 3101 tempus
1638 3038 1753 3087 olim
1800 3039 1974 3088 codice
2019 3038 2318 3087 Cottoniano
2361 3051 2397 3090 1.
2443 3040 2589 3089 deest
2618 3039 2712 3089 hoc

815 3109 983 3170 suerit
1003 3124 1148 3172 super
1163 3106 1214 3173 I]
1237 3108 1379 3158 ΑΒ.
1408 3109 1466 3157 C.
1483 3110 1549 3157 E.
1570 3108 1751 3168 K.L.,
1737 3124 1750 3136 ·
1800 3112 1971 3190 caput·
1990 3120 2098 3158 ΧΠ.
2134 3109 2199 3157 de
2239 3107 2503 3171 Oswaldo,
2546 3114 2598 3158 et
2625 3124 2715 3159 no·-

828 3194 1120 3241 quanquam
1142 3180 1234 3227 otii
1250 3184 1452 3241 tempus
1466 3178 1587 3227 olim
1600 3178 1755 3227 fuerit
1798 3179 1971 3226 tatur
1956 3193 2009 3226 m
2028 3178 2255 3240 margine
2281 3192 2435 3227 manu
2456 3179 2605 3229 valde
2627 3194 2715 3229 an

827 3263 1004 3311 super,
1025 3249 1084 3298 S.
1798 3248 1977 3309 tiqua‘
1981 3248 2118 3297 ‘Hic
2150 3249 2295 3297 deest
2312 3247 2543 3298 folium.”
2612 3250 2716 3298 Ex·

902 3316 924 3349 ⁴
965 3319 1026 3367 In
1072 3318 1296 3367 laudibus
1344 3318 1613 3367 beatissimi
1660 3318 1753 3367 Os·
1796 3318 1915 3366 inde
1958 3318 2110 3367 etiam
2152 3319 2413 3379 sequiores
2450 3318 2604 3369 MSS.
2636 3320 2717 3368 vel

829 3388 996 3450 waldi,
1016 3388 1152 3449 regis
1187 3393 1237 3436 et
1266 3390 1519 3451 martyris,
1541 3388 1593 3438 in
1614 3402 1752 3451 supe·
1798 3392 2095 3449 argumenta
2116 3389 2354 3449 capitum
2398 3401 2506 3438 xlv,
2545 3393 2598 3438 et
2630 3402 2718 3441 xv.

829 3458 954 3509 riori
989 3458 1112 3506 libro
1143 3458 1426 3521 aliquandiu
1453 3462 1645 3507 sermm
1678 3462 1752 3507 est
1798 3458 1880 3506 vel
1917 3462 2074 3519 caput
2114 3458 2285 3519 ipsum
2322 3470 2431 3508 xw.
2465 3460 2717 3521 omittunt,

827 3528 1030 3592 cratia]
1063 3527 1092 3591 ᾗ
1111 3532 1196 3589 49,
1218 3543 1308 3589 pp.
1330 3532 1549 3578 70-74,
1796 3532 1947 3587 prout
1966 3529 2032 3577 ab
2054 3528 2149 3577 hoc
2162 3528 2246 3577 vel
2265 3527 2355 3577 illo
2368 3528 2527 3577 veteri
2542 3529 2714 3579 codice

901 3595 922 3625 ⁶
979 3598 1102 3647 Tum
1143 3598 1268 3647 illud
1321 3599 1446 3660 quod
1491 3598 1750 3646 secundum
1796 3598 2087 3659 transcripti
2134 3598 2338 3648 fuerint.
2440 3598 2545 3647 Sed
2598 3612 2712 3648 cum

830 3670 1048 3729 quaedam
1076 3668 1372 3731 exemplaria
1394 3667 1447 3715 in
1464 3668 1625 3728 gestis
1643 3665 1749 3715 An·
1798 3672 2094 3728 argumenta
2121 3672 2173 3716 et
2193 3667 2459 3730 dispositio
2488 3670 2713 3730 capitum

827 3738 1022 3799 glor-um
1063 3737 1344 3800 asseritur-,J
1401 3738 1561 3785 Bedae
1607 3736 1747 3786 Hist.
1796 3736 1924 3785 bene
1943 3739 2245 3787 conveniant
2274 3738 2501 3799 subjecto
2531 3739 2587 3787 in
2607 3740 2715 3788 vnl-

830 3806 1127 3857 Ecclesiast.
1171 3806 1324 3857 Gent.
1358 3807 1515 3869 Angl.
1549 3807 1641 3855 lib.
1676 3820 1747 3857 1V.
1798 3808 2004 3869 garibus
2050 3808 2203 3858 MSS.
2247 3822 2481 3869 unusque
2518 3823 2547 3857 e
2582 3814 2717 3859 vete-

829 3890 875 3926 c.
901 3890 1005 3927 xlv.
1045 3878 1193 3926 Some
1211 3878 1361 3925 MSS.
1375 3876 1432 3925 of
1449 3877 1596 3926 Beda
1610 3882 1749 3925 want
1796 3877 1938 3926 ribus
1975 3878 2127 3928 MSS.
2163 3876 2339 3927 folium
2378 3878 2525 3928 deest
2555 3878 2713 3929 fatea-

825 3946 929 3996 this
939 3948 1164 4009 chapter.
1179 3946 1369 3996 More's
1379 3946 1751 4009 MS.however,
1796 3950 1897 4009 tur,
1940 3952 1993 3997 et
2034 3948 2225 4009 recepti
2267 3948 2457 3997 ordinis
2501 3950 2715 3999 mutatio

713 4076 722 4087 ·
825 4016 953 4067 from
991 4016 1158 4066 which
1197 4017 1361 4067 Smith
1397 4018 1619 4079 printed,
1654 4016 1748 4066 has
1795 4016 2137 4067 confusionem
2181 4018 2407 4079 aliquam
2442 4018 2713 4071 lectoribus

824 4086 882 4138 it.
953 4087 1086 4136 That
1098 4087 1304 4136 learned
1321 4087 1484 4135 editor
1503 4092 1746 4136 accounts
1794 4088 1977 4147 pariat.
2000 4102 2095 4150 ego
2127 4089 2179 4135 in
2215 4088 2535 4149 antiquorum
2573 4090 2714 4139 cudi·-

821 4157 899 4205 sor
933 4158 1017 4206 the
1053 4157 1290 4205 omission
1330 4157 1480 4205 thus:
1514 4159 1529 4185 ‘
1551 4158 1745 4218 Magna
1792 4171 1907 4205 cum
1929 4158 2243 4207 dissonantia
2263 4158 2523 4219 vulgarem
2547 4161 2715 4223 dispo·

819 4226 902 4276 hic
927 4233 1004 4277 est
1024 4227 1310 4277 differentia
1331 4227 1481 4278 MSS.
1497 4228 1549 4277 in
1572 4242 1745 4277 nume·
1793 4226 2022 4277 sitionem
2044 4232 2251 4279 secutus
2274 4229 2426 4279 sum?
