<?xml version="1.0" encoding="UTF-8"?>
<!DOCTYPE html PUBLIC "-//W3C//DTD XHTML 1.0 Transitional//EN"
    "http://www.w3.org/TR/xhtml1/DTD/xhtml1-transitional.dtd">
<html xmlns="http://www.w3.org/1999/xhtml" xml:lang="en" lang="en">
 <head>
  <title>
</title>
<meta http-equiv="Content-Type" content="text/html;charset=utf-8" />
  <meta name='ocr-system' content='tesseract 3.04.00' />
  <meta name='ocr-capabilities' content='ocr_page ocr_carea ocr_par ocr_line ocrx_word'/>
</head>
<body>
  <div class='ocr_page' id='page_1' title='image "./willelmimalmesb00unkngoog_0086.png"; bbox 0 0 3023 5045; ppageno 0'>
   <div class='ocr_carea' id='block_1_1' title="bbox 1190 0 1735 6">
    <p class='ocr_par' dir='ltr' id='par_1_1' title="bbox 1190 0 1735 6">
     <span class='ocr_line' id='line_1_1' title="bbox 1190 0 1735 6; baseline 0 0"><span class='ocrx_word' id='word_1_1' title='bbox 1190 0 1735 6; x_wconf 95' lang='lat' dir='ltr'><strong> </strong></span> 
     </span>
    </p>
   </div>
   <div class='ocr_carea' id='block_1_2' title="bbox 292 511 2197 595">
    <p class='ocr_par' dir='ltr' id='par_1_2' title="bbox 292 511 2197 595">
     <span class='ocr_line' id='line_1_2' title="bbox 292 511 2197 595; baseline 0.006 -23"><span class='ocrx_word' id='word_1_2' title='bbox 292 525 424 574; x_wconf 69' lang='grc' dir='ltr'><strong>ΜΒ.</strong></span> <span class='ocrx_word' id='word_1_3' title='bbox 461 511 554 595; x_wconf 79' lang='grc'><strong>1.]</strong></span> <span class='ocrx_word' id='word_1_4' title='bbox 741 527 970 578; x_wconf 70' lang='lat' dir='ltr'><strong>cnsrA</strong></span> <span class='ocrx_word' id='word_1_5' title='bbox 1019 528 1275 578; x_wconf 69' lang='lat' dir='ltr'><strong>Rasum</strong></span> <span class='ocrx_word' id='word_1_6' title='bbox 1323 531 1747 582; x_wconf 70' lang='grc' dir='ltr'><strong>ΑΝοιοιωΜ.</strong></span> <span class='ocrx_word' id='word_1_7' title='bbox 2108 520 2197 584; x_wconf 87' lang='grc'><strong>49</strong></span> 
     </span>
    </p>
   </div>
   <div class='ocr_carea' id='block_1_3' title="bbox 281 687 2514 990">
    <p class='ocr_par' dir='ltr' id='par_1_3' title="bbox 281 687 2514 990">
     <span class='ocr_line' id='line_1_3' title="bbox 287 687 2478 778; baseline 0.004 -29"><span class='ocrx_word' id='word_1_8' title='bbox 287 687 610 771; x_wconf 82' lang='lat' dir='ltr'><strong>martyris</strong></span> <span class='ocrx_word' id='word_1_9' title='bbox 660 687 974 754; x_wconf 88' lang='lat' dir='ltr'><strong>Indracti</strong></span> <span class='ocrx_word' id='word_1_10' title='bbox 1019 698 1090 754; x_wconf 88' lang='lat' dir='ltr'><strong>et</strong></span> <span class='ocrx_word' id='word_1_11' title='bbox 1135 691 1478 756; x_wconf 90' lang='lat' dir='ltr'><strong>sociorum</strong></span> <span class='ocrx_word' id='word_1_12' title='bbox 1527 691 1679 777; x_wconf 86' lang='lat' dir='ltr'><strong>ejus</strong></span> <span class='ocrx_word' id='word_1_13' title='bbox 1727 712 2043 778; x_wconf 84' lang='lat' dir='ltr'><strong>corpora,</strong></span> <span class='ocrx_word' id='word_1_14' title='bbox 2108 691 2195 757; x_wconf 92' lang='lat' dir='ltr'><strong>de</strong></span> <span class='ocrx_word' id='word_1_15' title='bbox 2220 715 2413 756; x_wconf 67' lang='lat' dir='ltr'><strong>Aeonum</strong></span> <span class='ocrx_word' id='word_1_16' title='bbox 2429 717 2478 758; x_wconf 70' lang='grc' dir='ltr'><strong>οι</strong></span> 
     </span>
     <span class='ocr_line' id='line_1_4' title="bbox 284 767 2514 877; baseline 0.004 -26"><span class='ocrx_word' id='word_1_17' title='bbox 284 786 431 852; x_wconf 90' lang='lat' dir='ltr'><strong>loco</strong></span> <span class='ocrx_word' id='word_1_18' title='bbox 489 789 806 874; x_wconf 84' lang='lat' dir='ltr'><strong>martyrii</strong></span> <span class='ocrx_word' id='word_1_19' title='bbox 864 790 1230 868; x_wconf 83' lang='lat' dir='ltr'><strong>translata,</strong></span> <span class='ocrx_word' id='word_1_20' title='bbox 1279 791 1494 876; x_wconf 90' lang='lat' dir='ltr'><strong>jussit</strong></span> <span class='ocrx_word' id='word_1_21' title='bbox 1550 793 1809 858; x_wconf 85' lang='lat' dir='ltr'><strong>inferri.</strong></span> <span class='ocrx_word' id='word_1_22' title='bbox 1958 794 2193 877; x_wconf 85' lang='lat' dir='ltr'>Ipsius</span> <span class='ocrx_word' id='word_1_23' title='bbox 2218 767 2514 818; x_wconf 58' lang='lat' dir='ltr'><strong>mmmm</strong></span> 
     </span>
     <span class='ocr_line' id='line_1_5' title="bbox 281 888 2193 990; baseline 0.003 -38"><span class='ocrx_word' id='word_1_24' title='bbox 281 888 558 970; x_wconf 90' lang='lat' dir='ltr'><strong>quidem</strong></span> <span class='ocrx_word' id='word_1_25' title='bbox 588 891 660 954; x_wconf 92' lang='lat' dir='ltr'><strong>in</strong></span> <span class='ocrx_word' id='word_1_26' title='bbox 700 891 973 973; x_wconf 87' lang='lat' dir='ltr'><strong>lapidea</strong></span> <span class='ocrx_word' id='word_1_27' title='bbox 1010 892 1368 975; x_wconf 84' lang='lat' dir='ltr'>pyramide</span> <span class='ocrx_word' id='word_1_28' title='bbox 1413 894 1504 958; x_wconf 90' lang='lat' dir='ltr'><strong>ad</strong></span> <span class='ocrx_word' id='word_1_29' title='bbox 1545 895 1902 960; x_wconf 89' lang='lat' dir='ltr'><strong>sinistrum</strong></span> <span class='ocrx_word' id='word_1_30' title='bbox 1949 895 2193 990; x_wconf 71' lang='lat' dir='ltr'><strong>altaris</strong></span> 
     </span>
    </p>
   </div>
   <div class='ocr_carea' id='block_1_4' title="bbox 1217 1100 1242 1795">
    <p class='ocr_par' dir='ltr' id='par_1_4' title="bbox 1217 1100 1242 1795">
     <span class='ocr_line' id='line_1_6' title="bbox 1225 1100 1242 1154; baseline 0 3891"><span class='ocrx_word' id='word_1_31' title='bbox 1225 1100 1242 1154; x_wconf 95' lang='lat' dir='ltr'><strong> </strong></span> 
     </span>
     <span class='ocr_line' id='line_1_7' title="bbox 1219 1294 1237 1437; baseline 0 -85"><span class='ocrx_word' id='word_1_32' title='bbox 1219 1294 1237 1437; x_wconf 95' lang='lat' dir='ltr'><strong>  </strong></span> 
     </span>
     <span class='ocr_line' id='line_1_8' title="bbox 1217 1439 1236 1795; baseline 0 -79"><span class='ocrx_word' id='word_1_33' title='bbox 1217 1439 1236 1795; x_wconf 95' lang='lat' dir='ltr'><strong>     </strong></span> 
     </span>
    </p>
   </div>
   <div class='ocr_carea' id='block_1_5' title="bbox 271 1116 2188 1610">
    <p class='ocr_par' dir='ltr' id='par_1_5' title="bbox 271 1116 2188 1610">
     <span class='ocr_line' id='line_1_9' title="bbox 271 1116 2188 1187; baseline 0.005 -21"><span class='ocrx_word' id='word_1_34' title='bbox 271 1116 358 1166; x_wconf 83' lang='lat' dir='ltr'><strong>tris</strong></span> <span class='ocrx_word' id='word_1_35' title='bbox 373 1133 580 1181; x_wconf 88' lang='lat' dir='ltr'><strong>quoque</strong></span> <span class='ocrx_word' id='word_1_36' title='bbox 595 1119 777 1169; x_wconf 90' lang='lat' dir='ltr'><strong>diebus</strong></span> <span class='ocrx_word' id='word_1_37' title='bbox 789 1120 1204 1184; x_wconf 83' lang='lat' dir='ltr'><strong>insignissimum,</strong></span> <span class='ocrx_word' id='word_1_38' title='bbox 1253 1123 1505 1185; x_wconf 80' lang='lat' dir='ltr'><strong>virginum</strong></span> <span class='ocrx_word' id='word_1_39' title='bbox 1528 1124 1732 1187; x_wconf 86' lang='lat' dir='ltr'><strong>chorus,</strong></span> <span class='ocrx_word' id='word_1_40' title='bbox 1752 1127 1963 1174; x_wconf 87' lang='lat' dir='ltr'><strong>terrenis</strong></span> <span class='ocrx_word' id='word_1_41' title='bbox 1986 1127 2188 1176; x_wconf 87' lang='lat' dir='ltr'><strong>deside-</strong></span> 
     </span>
     <span class='ocr_line' id='line_1_10' title="bbox 273 1189 2187 1259; baseline 0.006 -23"><span class='ocrx_word' id='word_1_42' title='bbox 273 1189 404 1248; x_wconf 89' lang='lat' dir='ltr'><strong>quod</strong></span> <span class='ocrx_word' id='word_1_43' title='bbox 425 1189 481 1237; x_wconf 91' lang='lat' dir='ltr'><strong>in</strong></span> <span class='ocrx_word' id='word_1_44' title='bbox 504 1190 729 1251; x_wconf 86' lang='lat' dir='ltr'><strong>quodam</strong></span> <span class='ocrx_word' id='word_1_45' title='bbox 751 1192 969 1252; x_wconf 80' lang='lat' dir='ltr'><strong>palustri</strong></span> <span class='ocrx_word' id='word_1_46' title='bbox 996 1198 1201 1241; x_wconf 81' lang='lat' dir='ltr'><strong>recessu</strong></span> <span class='ocrx_word' id='word_1_47' title='bbox 1253 1193 1346 1242; x_wconf 91' lang='lat' dir='ltr'><strong>riis</strong></span> <span class='ocrx_word' id='word_1_48' title='bbox 1377 1197 1631 1258; x_wconf 86' lang='lat' dir='ltr'><strong>castratis,</strong></span> <span class='ocrx_word' id='word_1_49' title='bbox 1652 1210 1862 1257; x_wconf 87' lang='lat' dir='ltr'><strong>superos</strong></span> <span class='ocrx_word' id='word_1_50' title='bbox 1896 1199 2187 1259; x_wconf 82' lang='lat' dir='ltr'><strong>suspirabat</strong></span> 
     </span>
     <span class='ocr_line' id='line_1_11' title="bbox 1253 1267 2187 1319; baseline 0.005 -6"><span class='ocrx_word' id='word_1_51' title='bbox 1253 1278 1466 1314; x_wconf 87' lang='lat' dir='ltr'><strong>amores.</strong></span> <span class='ocrx_word' id='word_1_52' title='bbox 1508 1267 1746 1315; x_wconf 83' lang='lat' dir='ltr'><strong>Accessit</strong></span> <span class='ocrx_word' id='word_1_53' title='bbox 1765 1268 1895 1316; x_wconf 89' lang='lat' dir='ltr'><strong>sacri</strong></span> <span class='ocrx_word' id='word_1_54' title='bbox 1918 1267 2187 1319; x_wconf 88' lang='lat' dir='ltr'><strong>caelibatus</strong></span> 
     </span>
     <span class='ocr_line' id='line_1_12' title="bbox 1253 1335 2184 1388; baseline 0.006 -6"><span class='ocrx_word' id='word_1_55' title='bbox 1253 1335 1424 1386; x_wconf 90' lang='lat' dir='ltr'><strong>studio</strong></span> <span class='ocrx_word' id='word_1_56' title='bbox 1442 1336 1686 1385; x_wconf 87' lang='lat' dir='ltr'><strong>librorum</strong></span> <span class='ocrx_word' id='word_1_57' title='bbox 1707 1338 1935 1386; x_wconf 89' lang='lat' dir='ltr'><strong>Aldelmi</strong></span> <span class='ocrx_word' id='word_1_58' title='bbox 1963 1338 2047 1388; x_wconf 88' lang='lat' dir='ltr'><strong>De</strong></span> <span class='ocrx_word' id='word_1_59' title='bbox 2070 1339 2184 1388; x_wconf 88' lang='lat' dir='ltr'><strong>Vir-</strong></span> 
     </span>
     <span class='ocr_line' id='line_1_13' title="bbox 1251 1406 2180 1471; baseline 0.006 -19"><span class='ocrx_word' id='word_1_60' title='bbox 1251 1406 1462 1466; x_wconf 84' lang='lat' dir='ltr'><strong>ginitate</strong></span> <span class='ocrx_word' id='word_1_61' title='bbox 1525 1408 1697 1470; x_wconf 90' lang='lat' dir='ltr'><strong>lectio,</strong></span> <span class='ocrx_word' id='word_1_62' title='bbox 1758 1407 2180 1471; x_wconf 84' lang='lat' dir='ltr'><strong>Berkingensium</strong></span> 
     </span>
     <span class='ocr_line' id='line_1_14' title="bbox 1251 1476 2181 1541; baseline 0.006 -17"><span class='ocrx_word' id='word_1_63' title='bbox 1251 1476 1456 1535; x_wconf 90' lang='lat' dir='ltr'><strong>quidem</strong></span> <span class='ocrx_word' id='word_1_64' title='bbox 1479 1478 1668 1526; x_wconf 83' lang='lat' dir='ltr'><strong>nomini</strong></span> <span class='ocrx_word' id='word_1_65' title='bbox 1690 1477 1944 1541; x_wconf 84' lang='lat' dir='ltr'><strong>dedicata,</strong></span> <span class='ocrx_word' id='word_1_66' title='bbox 1965 1481 2057 1529; x_wconf 90' lang='lat' dir='ltr'><strong>sed</strong></span> <span class='ocrx_word' id='word_1_67' title='bbox 2078 1495 2181 1530; x_wconf 90' lang='lat' dir='ltr'><strong>om·</strong></span> 
     </span>
     <span class='ocr_line' id='line_1_15' title="bbox 1249 1547 2180 1610; baseline 0.006 -17"><span class='ocrx_word' id='word_1_68' title='bbox 1249 1547 1400 1595; x_wconf 90' lang='lat' dir='ltr'><strong>nibus</strong></span> <span class='ocrx_word' id='word_1_69' title='bbox 1437 1549 1648 1597; x_wconf 87' lang='lat' dir='ltr'><strong>eandem</strong></span> <span class='ocrx_word' id='word_1_70' title='bbox 1685 1548 2044 1610; x_wconf 81' lang='lat' dir='ltr'>professionem</span> <span class='ocrx_word' id='word_1_71' title='bbox 2090 1565 2180 1599; x_wconf 87' lang='lat' dir='ltr'><strong>an-</strong></span> 
     </span>
    </p>
   </div>
   <div class='ocr_carea' id='block_1_6' title="bbox 211 1262 2246 4439">
    <p class='ocr_par' dir='ltr' id='par_1_6' title="bbox 211 1262 2246 4439">
     <span class='ocr_line' id='line_1_16' title="bbox 273 1262 1202 1322; baseline 0.004 -14"><span class='ocrx_word' id='word_1_72' title='bbox 273 1262 572 1322; x_wconf 81' lang='lat' dir='ltr'><strong>construxit,</strong></span> <span class='ocrx_word' id='word_1_73' title='bbox 594 1265 655 1309; x_wconf 94' lang='lat' dir='ltr'><strong>ut</strong></span> <span class='ocrx_word' id='word_1_74' title='bbox 675 1262 870 1310; x_wconf 89' lang='lat' dir='ltr'><strong>scilicet</strong></span> <span class='ocrx_word' id='word_1_75' title='bbox 890 1277 952 1310; x_wconf 90' lang='lat' dir='ltr'><strong>eo</strong></span> <span class='ocrx_word' id='word_1_76' title='bbox 973 1264 1202 1312; x_wconf 79' lang='lat' dir='ltr'><strong>tenacius</strong></span> 
     </span>
     <span class='ocr_line' id='line_1_17' title="bbox 268 1332 1201 1396; baseline 0.008 -20"><span class='ocrx_word' id='word_1_77' title='bbox 268 1332 502 1391; x_wconf 88' lang='lat' dir='ltr'><strong>supernis</strong></span> <span class='ocrx_word' id='word_1_78' title='bbox 535 1332 772 1381; x_wconf 90' lang='lat' dir='ltr'><strong>monachi</strong></span> <span class='ocrx_word' id='word_1_79' title='bbox 804 1332 1074 1395; x_wconf 80' lang='lat' dir='ltr'><strong>inhiarent,</strong></span> <span class='ocrx_word' id='word_1_80' title='bbox 1100 1349 1201 1396; x_wconf 92' lang='lat' dir='ltr'><strong>quo</strong></span> 
     </span>
     <span class='ocr_line' id='line_1_18' title="bbox 269 1397 1202 1464; baseline 0.005 -15"><span class='ocrx_word' id='word_1_81' title='bbox 269 1402 571 1464; x_wconf 85' lang='lat' dir='ltr'><strong>castigatius</strong></span> <span class='ocrx_word' id='word_1_82' title='bbox 615 1397 815 1451; x_wconf 77' lang='lat' dir='ltr'><strong>terrena</strong></span> <span class='ocrx_word' id='word_1_83' title='bbox 862 1404 1026 1453; x_wconf 91' lang='lat' dir='ltr'><strong>oculis</strong></span> <span class='ocrx_word' id='word_1_84' title='bbox 1075 1403 1202 1454; x_wconf 87' lang='lat' dir='ltr'><strong>hau-</strong></span> 
     </span>
     <span class='ocr_line' id='line_1_19' title="bbox 264 1471 1200 1536; baseline 0.005 -17"><span class='ocrx_word' id='word_1_85' title='bbox 264 1471 432 1522; x_wconf 85' lang='lat' dir='ltr'><strong>rirent.</strong></span> <span class='ocrx_word' id='word_1_86' title='bbox 507 1473 682 1521; x_wconf 83' lang='lat' dir='ltr'><strong>Affuit</strong></span> <span class='ocrx_word' id='word_1_87' title='bbox 701 1474 912 1523; x_wconf 87' lang='lat' dir='ltr'><strong>consilio</strong></span> <span class='ocrx_word' id='word_1_88' title='bbox 939 1479 1085 1536; x_wconf 89' lang='lat' dir='ltr'><strong>pater</strong></span> <span class='ocrx_word' id='word_1_89' title='bbox 1106 1476 1200 1524; x_wconf 88' lang='lat' dir='ltr'><strong>Al-</strong></span> 
     </span>
     <span class='ocr_line' id='line_1_20' title="bbox 262 1541 1202 1607; baseline 0.005 -17"><span class='ocrx_word' id='word_1_90' title='bbox 262 1541 644 1606; x_wconf 87' lang='lat' dir='ltr'><strong>delmus,cujus</strong></span> <span class='ocrx_word' id='word_1_91' title='bbox 657 1545 744 1592; x_wconf 88' lang='lat' dir='ltr'><strong>ille</strong></span> <span class='ocrx_word' id='word_1_92' title='bbox 758 1550 1015 1607; x_wconf 76' lang='lat' dir='ltr'><strong>praecepta</strong></span> <span class='ocrx_word' id='word_1_93' title='bbox 1026 1547 1202 1595; x_wconf 88' lang='lat' dir='ltr'><strong>audie-</strong></span> 
     </span>
     <span class='ocr_line' id='line_1_21' title="bbox 265 1613 2180 1680; baseline 0.005 -20"><span class='ocrx_word' id='word_1_94' title='bbox 265 1613 348 1661; x_wconf 88' lang='lat' dir='ltr'><strong>bat</strong></span> <span class='ocrx_word' id='word_1_95' title='bbox 388 1613 676 1674; x_wconf 86' lang='lat' dir='ltr'><strong>humiliter,</strong></span> <span class='ocrx_word' id='word_1_96' title='bbox 707 1615 1021 1676; x_wconf 88' lang='lat' dir='ltr'><strong>suscipiebat</strong></span> <span class='ocrx_word' id='word_1_97' title='bbox 1052 1631 1200 1680; x_wconf 82' lang='lat' dir='ltr'><strong>gran-</strong></span> <span class='ocrx_word' id='word_1_98' title='bbox 1249 1616 1539 1668; x_wconf 87' lang='lat' dir='ltr'><strong>helantibus</strong></span> <span class='ocrx_word' id='word_1_99' title='bbox 1582 1620 1817 1669; x_wconf 83' lang='lat' dir='ltr'><strong>valitura.</strong></span> <span class='ocrx_word' id='word_1_100' title='bbox 1891 1620 2091 1671; x_wconf 81' lang='lat' dir='ltr'><strong>Habuit</strong></span> <span class='ocrx_word' id='word_1_101' title='bbox 2128 1626 2180 1670; x_wconf 89' lang='lat' dir='ltr'><strong>et</strong></span> 
     </span>
     <span class='ocr_line' id='line_1_22' title="bbox 262 1683 2178 1752; baseline 0.005 -21"><span class='ocrx_word' id='word_1_102' title='bbox 262 1683 406 1746; x_wconf 88' lang='lat' dir='ltr'><strong>diter,</strong></span> <span class='ocrx_word' id='word_1_103' title='bbox 428 1685 752 1746; x_wconf 85' lang='lat' dir='ltr'><strong>adimplebat</strong></span> <span class='ocrx_word' id='word_1_104' title='bbox 770 1685 1012 1736; x_wconf 83' lang='lat' dir='ltr'><strong>hilariter.</strong></span> <span class='ocrx_word' id='word_1_105' title='bbox 1093 1688 1200 1737; x_wconf 88' lang='lat' dir='ltr'><strong>De·</strong></span> <span class='ocrx_word' id='word_1_106' title='bbox 1249 1702 1456 1737; x_wconf 87' lang='lat' dir='ltr'><strong>uxorem</strong></span> <span class='ocrx_word' id='word_1_107' title='bbox 1491 1689 1875 1752; x_wconf 85' lang='lat' dir='ltr'><strong>Ethelburgam,</strong></span> <span class='ocrx_word' id='word_1_108' title='bbox 1918 1688 2178 1740; x_wconf 88' lang='lat' dir='ltr'><strong>foeminam</strong></span> 
     </span>
     <span class='ocr_line' id='line_1_23' title="bbox 259 1753 2175 1822; baseline 0.005 -21"><span class='ocrx_word' id='word_1_109' title='bbox 259 1753 408 1816; x_wconf 87' lang='lat' dir='ltr'><strong>nique</strong></span> <span class='ocrx_word' id='word_1_110' title='bbox 451 1760 506 1804; x_wconf 92' lang='lat' dir='ltr'><strong>et</strong></span> <span class='ocrx_word' id='word_1_111' title='bbox 551 1756 880 1818; x_wconf 78' lang='lat' dir='ltr'><strong>privilegium</strong></span> <span class='ocrx_word' id='word_1_112' title='bbox 926 1757 1063 1818; x_wconf 92' lang='lat' dir='ltr'><strong>quod</strong></span> <span class='ocrx_word' id='word_1_113' title='bbox 1106 1774 1197 1820; x_wconf 88' lang='lat' dir='ltr'><strong>pro</strong></span> <span class='ocrx_word' id='word_1_114' title='bbox 1249 1771 1370 1807; x_wconf 86' lang='lat' dir='ltr'><strong>saue</strong></span> <span class='ocrx_word' id='word_1_115' title='bbox 1391 1760 1522 1822; x_wconf 84' lang='lat' dir='ltr'><strong>regii</strong></span> <span class='ocrx_word' id='word_1_116' title='bbox 1544 1761 1743 1821; x_wconf 83' lang='lat' dir='ltr'><strong>generis</strong></span> <span class='ocrx_word' id='word_1_117' title='bbox 1764 1765 1817 1809; x_wconf 93' lang='lat' dir='ltr'><strong>et</strong></span> <span class='ocrx_word' id='word_1_118' title='bbox 1837 1760 2023 1822; x_wconf 83' lang='lat' dir='ltr'><strong>animi3</strong></span> <span class='ocrx_word' id='word_1_119' title='bbox 2056 1777 2175 1822; x_wconf 86' lang='lat' dir='ltr'><strong>quae</strong></span> 
     </span>
     <span class='ocr_line' id='line_1_24' title="bbox 253 1823 2176 1880; baseline 0.005 -9"><span class='ocrx_word' id='word_1_120' title='bbox 253 1823 482 1875; x_wconf 87' lang='lat' dir='ltr'><strong>libertate</strong></span> <span class='ocrx_word' id='word_1_121' title='bbox 527 1827 948 1876; x_wconf 78' lang='lat' dir='ltr'><strong>monasteriorum</strong></span> <span class='ocrx_word' id='word_1_122' title='bbox 989 1841 1196 1877; x_wconf 89' lang='lat' dir='ltr'><strong>suorum</strong></span> <span class='ocrx_word' id='word_1_123' title='bbox 1247 1829 1370 1877; x_wconf 89' lang='lat' dir='ltr'><strong>dum</strong></span> <span class='ocrx_word' id='word_1_124' title='bbox 1403 1832 1577 1880; x_wconf 88' lang='lat' dir='ltr'><strong>crebro</strong></span> <span class='ocrx_word' id='word_1_125' title='bbox 1607 1831 1705 1880; x_wconf 81' lang='lat' dir='ltr'><strong>viri</strong></span> <span class='ocrx_word' id='word_1_126' title='bbox 1736 1829 2005 1880; x_wconf 89' lang='lat' dir='ltr'><strong>instillaret</strong></span> <span class='ocrx_word' id='word_1_127' title='bbox 2036 1833 2176 1880; x_wconf 89' lang='lat' dir='ltr'><strong>auri-</strong></span> 
     </span>
     <span class='ocr_line' id='line_1_25' title="bbox 255 1895 2176 1959; baseline 0.004 -16"><span class='ocrx_word' id='word_1_128' title='bbox 255 1895 318 1942; x_wconf 89' lang='lat' dir='ltr'><strong>ab</strong></span> <span class='ocrx_word' id='word_1_129' title='bbox 339 1897 628 1956; x_wconf 87' lang='lat' dir='ltr'><strong>apostolico</strong></span> <span class='ocrx_word' id='word_1_130' title='bbox 649 1897 826 1959; x_wconf 86' lang='lat' dir='ltr'><strong>Sergio</strong></span> <span class='ocrx_word' id='word_1_131' title='bbox 840 1899 1197 1959; x_wconf 86' lang='lat' dir='ltr'><strong>impetraverat</strong></span> <span class='ocrx_word' id='word_1_132' title='bbox 1246 1899 1342 1948; x_wconf 93' lang='lat' dir='ltr'><strong>bus</strong></span> <span class='ocrx_word' id='word_1_133' title='bbox 1375 1905 1434 1949; x_wconf 98' lang='lat' dir='ltr'><strong>ut</strong></span> <span class='ocrx_word' id='word_1_134' title='bbox 1473 1901 1744 1951; x_wconf 89' lang='lat' dir='ltr'><strong>mundanis</strong></span> <span class='ocrx_word' id='word_1_135' title='bbox 1784 1903 1937 1950; x_wconf 84' lang='lat' dir='ltr'><strong>rebus</strong></span> <span class='ocrx_word' id='word_1_136' title='bbox 1974 1903 2055 1951; x_wconf 86' lang='lat' dir='ltr'><strong>vel</strong></span> <span class='ocrx_word' id='word_1_137' title='bbox 2087 1917 2176 1951; x_wconf 86' lang='lat' dir='ltr'><strong>ex-</strong></span> 
     </span>
     <span class='ocr_line' id='line_1_26' title="bbox 255 1965 2171 2034; baseline 0.004 -20"><span class='ocrx_word' id='word_1_138' title='bbox 255 1965 415 2016; x_wconf 84' lang='lat' dir='ltr'><strong>libens</strong></span> <span class='ocrx_word' id='word_1_139' title='bbox 449 1969 787 2030; x_wconf 79' lang='lat' dir='ltr'><strong>confirmavit,</strong></span> <span class='ocrx_word' id='word_1_140' title='bbox 819 1972 872 2017; x_wconf 91' lang='lat' dir='ltr'><strong>et</strong></span> <span class='ocrx_word' id='word_1_141' title='bbox 901 1968 1064 2018; x_wconf 89' lang='lat' dir='ltr'><strong>multa</strong></span> <span class='ocrx_word' id='word_1_142' title='bbox 1090 1970 1194 2019; x_wconf 88' lang='lat' dir='ltr'><strong>Dei</strong></span> <span class='ocrx_word' id='word_1_143' title='bbox 1243 1971 1414 2018; x_wconf 88' lang='lat' dir='ltr'><strong>tremis</strong></span> <span class='ocrx_word' id='word_1_144' title='bbox 1446 1973 1593 2020; x_wconf 88' lang='lat' dir='ltr'><strong>annis</strong></span> <span class='ocrx_word' id='word_1_145' title='bbox 1623 1970 1979 2034; x_wconf 85' lang='lat' dir='ltr'><strong>valefacerent,</strong></span> <span class='ocrx_word' id='word_1_146' title='bbox 2000 1976 2053 2022; x_wconf 91' lang='lat' dir='ltr'><strong>et</strong></span> <span class='ocrx_word' id='word_1_147' title='bbox 2084 1972 2171 2022; x_wconf 91' lang='lat' dir='ltr'><strong>ille</strong></span> 
     </span>
     <span class='ocr_line' id='line_1_27' title="bbox 255 2035 2172 2106; baseline 0.005 -23"><span class='ocrx_word' id='word_1_148' title='bbox 255 2035 458 2087; x_wconf 86' lang='lat' dir='ltr'><strong>famulis</strong></span> <span class='ocrx_word' id='word_1_149' title='bbox 490 2040 612 2101; x_wconf 88' lang='lat' dir='ltr'><strong>ejus</strong></span> <span class='ocrx_word' id='word_1_150' title='bbox 645 2038 846 2088; x_wconf 87' lang='lat' dir='ltr'><strong>hortatu</strong></span> <span class='ocrx_word' id='word_1_151' title='bbox 879 2041 1111 2102; x_wconf 89' lang='lat' dir='ltr'><strong>contulit,</strong></span> <span class='ocrx_word' id='word_1_152' title='bbox 1141 2045 1192 2089; x_wconf 91' lang='lat' dir='ltr'><strong>et</strong></span> <span class='ocrx_word' id='word_1_153' title='bbox 1241 2038 1520 2089; x_wconf 82' lang='lat' dir='ltr'><strong>hortantem</strong></span> <span class='ocrx_word' id='word_1_154' title='bbox 1542 2043 1607 2090; x_wconf 92' lang='lat' dir='ltr'><strong>de</strong></span> <span class='ocrx_word' id='word_1_155' title='bbox 1624 2042 1707 2090; x_wconf 89' lang='lat' dir='ltr'><strong>die</strong></span> <span class='ocrx_word' id='word_1_156' title='bbox 1729 2043 1782 2090; x_wconf 90' lang='lat' dir='ltr'><strong>in</strong></span> <span class='ocrx_word' id='word_1_157' title='bbox 1803 2042 1938 2091; x_wconf 88' lang='lat' dir='ltr'><strong>diem</strong></span> <span class='ocrx_word' id='word_1_158' title='bbox 1954 2042 2172 2106; x_wconf 84' lang='lat' dir='ltr'><strong>differet,</strong></span> 
     </span>
     <span class='ocr_line' id='line_1_28' title="bbox 253 2107 2169 2173; baseline 0.004 -18"><span class='ocrx_word' id='word_1_159' title='bbox 253 2107 318 2155; x_wconf 92' lang='lat' dir='ltr'><strong>ad</strong></span> <span class='ocrx_word' id='word_1_160' title='bbox 338 2113 629 2158; x_wconf 86' lang='lat' dir='ltr'><strong>extremum</strong></span> <span class='ocrx_word' id='word_1_161' title='bbox 651 2111 950 2171; x_wconf 87' lang='lat' dir='ltr'><strong>episcopatu</strong></span> <span class='ocrx_word' id='word_1_162' title='bbox 972 2112 1190 2160; x_wconf 84' lang='lat' dir='ltr'><strong>reniten·</strong></span> <span class='ocrx_word' id='word_1_163' title='bbox 1239 2116 1358 2160; x_wconf 86' lang='lat' dir='ltr'><strong>astu</strong></span> <span class='ocrx_word' id='word_1_164' title='bbox 1377 2111 1581 2160; x_wconf 84' lang='lat' dir='ltr'><strong>tandem</strong></span> <span class='ocrx_word' id='word_1_165' title='bbox 1603 2113 1805 2161; x_wconf 81' lang='lat' dir='ltr'><strong>vincere</strong></span> <span class='ocrx_word' id='word_1_166' title='bbox 1826 2117 1993 2173; x_wconf 86' lang='lat' dir='ltr'><strong>parat.</strong></span> <span class='ocrx_word' id='word_1_167' title='bbox 2038 2112 2169 2162; x_wconf 89' lang='lat' dir='ltr'><strong>Cum</strong></span> 
     </span>
     <span class='ocr_line' id='line_1_29' title="bbox 252 2180 2167 2244; baseline 0.003 -17"><span class='ocrx_word' id='word_1_168' title='bbox 252 2181 347 2226; x_wconf 88' lang='lat' dir='ltr'><strong>tem</strong></span> <span class='ocrx_word' id='word_1_169' title='bbox 380 2180 685 2242; x_wconf 80' lang='lat' dir='ltr'><strong>honoravit3</strong></span> <span class='ocrx_word' id='word_1_170' title='bbox 729 2181 850 2229; x_wconf 89' lang='lat' dir='ltr'><strong>licet</strong></span> <span class='ocrx_word' id='word_1_171' title='bbox 872 2181 1028 2229; x_wconf 78' lang='lat' dir='ltr'><strong>vitam</strong></span> <span class='ocrx_word' id='word_1_172' title='bbox 1059 2184 1188 2230; x_wconf 81' lang='lat' dir='ltr'><strong>tanti</strong></span> <span class='ocrx_word' id='word_1_173' title='bbox 1237 2182 1370 2230; x_wconf 89' lang='lat' dir='ltr'><strong>enim</strong></span> <span class='ocrx_word' id='word_1_174' title='bbox 1407 2183 1628 2244; x_wconf 89' lang='lat' dir='ltr'><strong>quadam</strong></span> <span class='ocrx_word' id='word_1_175' title='bbox 1666 2183 1776 2232; x_wconf 86' lang='lat' dir='ltr'><strong>vice</strong></span> <span class='ocrx_word' id='word_1_176' title='bbox 1816 2183 1956 2243; x_wconf 90' lang='lat' dir='ltr'><strong>apud</strong></span> <span class='ocrx_word' id='word_1_177' title='bbox 1993 2183 2167 2232; x_wconf 87' lang='lat' dir='ltr'><strong>villam</strong></span> 
     </span>
     <span class='ocr_line' id='line_1_30' title="bbox 249 2249 2165 2315; baseline 0.004 -19"><span class='ocrx_word' id='word_1_178' title='bbox 249 2249 343 2297; x_wconf 82' lang='lat' dir='ltr'><strong>viri</strong></span> <span class='ocrx_word' id='word_1_179' title='bbox 386 2251 588 2300; x_wconf 90' lang='lat' dir='ltr'><strong>mundo</strong></span> <span class='ocrx_word' id='word_1_180' title='bbox 633 2251 735 2299; x_wconf 87' lang='lat' dir='ltr'><strong>cita</strong></span> <span class='ocrx_word' id='word_1_181' title='bbox 767 2266 900 2300; x_wconf 90' lang='lat' dir='ltr'><strong>mors</strong></span> <span class='ocrx_word' id='word_1_182' title='bbox 932 2251 1186 2315; x_wconf 71' lang='lat' dir='ltr'><strong>inviderit,</strong></span> <span class='ocrx_word' id='word_1_183' title='bbox 1235 2253 1428 2315; x_wconf 79' lang='lat' dir='ltr'><strong>ingenti</strong></span> <span class='ocrx_word' id='word_1_184' title='bbox 1478 2254 1701 2302; x_wconf 85' lang='lat' dir='ltr'><strong>tumultu</strong></span> <span class='ocrx_word' id='word_1_185' title='bbox 1756 2253 1953 2314; x_wconf 81' lang='lat' dir='ltr'><strong>regales</strong></span> <span class='ocrx_word' id='word_1_186' title='bbox 2005 2254 2165 2304; x_wconf 86' lang='lat' dir='ltr'><strong>luxus</strong></span> 
     </span>
     <span class='ocr_line' id='line_1_31' title="bbox 248 2320 2167 2384; baseline 0.003 -15"><span class='ocrx_word' id='word_1_187' title='bbox 248 2320 332 2368; x_wconf 81' lang='lat' dir='ltr'><strong>vix</strong></span> <span class='ocrx_word' id='word_1_188' title='bbox 363 2322 502 2370; x_wconf 87' lang='lat' dir='ltr'><strong>enim</strong></span> <span class='ocrx_word' id='word_1_189' title='bbox 543 2322 694 2370; x_wconf 86' lang='lat' dir='ltr'><strong>annis</strong></span> <span class='ocrx_word' id='word_1_190' title='bbox 729 2325 948 2382; x_wconf 88' lang='lat' dir='ltr'><strong>quatuor</strong></span> <span class='ocrx_word' id='word_1_191' title='bbox 989 2324 1184 2384; x_wconf 86' lang='lat' dir='ltr'><strong>episco-</strong></span> <span class='ocrx_word' id='word_1_192' title='bbox 1231 2323 1617 2384; x_wconf 83' lang='lat' dir='ltr'><strong>explicuissent,</strong></span> <span class='ocrx_word' id='word_1_193' title='bbox 1648 2324 1891 2384; x_wconf 85' lang='lat' dir='ltr'><strong>postridie</strong></span> <span class='ocrx_word' id='word_1_194' title='bbox 1923 2339 2040 2374; x_wconf 88' lang='lat' dir='ltr'><strong>cum</strong></span> <span class='ocrx_word' id='word_1_195' title='bbox 2062 2324 2167 2374; x_wconf 91' lang='lat' dir='ltr'><strong>dis-</strong></span> 
     </span>
     <span class='ocr_line' id='line_1_32' title="bbox 246 2392 2165 2456; baseline 0.003 -18"><span class='ocrx_word' id='word_1_196' title='bbox 246 2396 367 2450; x_wconf 91' lang='lat' dir='ltr'><strong>patu</strong></span> <span class='ocrx_word' id='word_1_197' title='bbox 389 2393 609 2442; x_wconf 86' lang='lat' dir='ltr'><strong>functus</strong></span> <span class='ocrx_word' id='word_1_198' title='bbox 631 2392 849 2441; x_wconf 86' lang='lat' dir='ltr'><strong>animam</strong></span> <span class='ocrx_word' id='word_1_199' title='bbox 871 2393 1004 2442; x_wconf 89' lang='lat' dir='ltr'><strong>coelo</strong></span> <span class='ocrx_word' id='word_1_200' title='bbox 1025 2393 1184 2443; x_wconf 89' lang='lat' dir='ltr'><strong>thuri·</strong></span> <span class='ocrx_word' id='word_1_201' title='bbox 1231 2395 1522 2456; x_wconf 88' lang='lat' dir='ltr'><strong>cessissent,</strong></span> <span class='ocrx_word' id='word_1_202' title='bbox 1533 2395 1755 2455; x_wconf 84' lang='lat' dir='ltr'><strong>villicus,</strong></span> <span class='ocrx_word' id='word_1_203' title='bbox 1765 2409 1829 2442; x_wconf 89' lang='lat' dir='ltr'><strong>ex</strong></span> <span class='ocrx_word' id='word_1_204' title='bbox 1843 2395 2033 2456; x_wconf 88' lang='lat' dir='ltr'><strong>reginae</strong></span> <span class='ocrx_word' id='word_1_205' title='bbox 2047 2409 2165 2444; x_wconf 89' lang='lat' dir='ltr'><strong>con·</strong></span> 
     </span>
     <span class='ocr_line' id='line_1_33' title="bbox 243 2461 2165 2528; baseline 0.003 -20"><span class='ocrx_word' id='word_1_206' title='bbox 243 2461 429 2526; x_wconf 86' lang='lat' dir='ltr'><strong>ficavit,</strong></span> <span class='ocrx_word' id='word_1_207' title='bbox 461 2478 604 2512; x_wconf 85' lang='lat' dir='ltr'><strong>anno</strong></span> <span class='ocrx_word' id='word_1_208' title='bbox 635 2463 920 2512; x_wconf 79' lang='lat' dir='ltr'><strong>Dominicae</strong></span> <span class='ocrx_word' id='word_1_209' title='bbox 954 2464 1180 2514; x_wconf 87' lang='lat' dir='ltr'><strong>incarna·</strong></span> <span class='ocrx_word' id='word_1_210' title='bbox 1231 2465 1461 2528; x_wconf 89' lang='lat' dir='ltr'><strong>scientia,</strong></span> <span class='ocrx_word' id='word_1_211' title='bbox 1492 2465 1739 2527; x_wconf 86' lang='lat' dir='ltr'><strong>palatium</strong></span> <span class='ocrx_word' id='word_1_212' title='bbox 1774 2470 1965 2527; x_wconf 90' lang='lat' dir='ltr'><strong>quanta</strong></span> <span class='ocrx_word' id='word_1_213' title='bbox 1997 2470 2165 2527; x_wconf 89' lang='lat' dir='ltr'><strong>potest</strong></span> 
     </span>
     <span class='ocr_line' id='line_1_34' title="bbox 245 2532 2167 2600; baseline 0.002 -19"><span class='ocrx_word' id='word_1_214' title='bbox 245 2532 392 2583; x_wconf 86' lang='lat' dir='ltr'><strong>tionis</strong></span> <span class='ocrx_word' id='word_1_215' title='bbox 405 2536 864 2597; x_wconf 87' lang='lat' dir='ltr'><strong>septingentesimo</strong></span> <span class='ocrx_word' id='word_1_216' title='bbox 876 2550 1023 2586; x_wconf 87' lang='lat' dir='ltr'><strong>nono.</strong></span> <span class='ocrx_word' id='word_1_217' title='bbox 1080 2537 1183 2586; x_wconf 89' lang='lat' dir='ltr'><strong>Fu·</strong></span> <span class='ocrx_word' id='word_1_218' title='bbox 1231 2536 1568 2598; x_wconf 85' lang='lat' dir='ltr'><strong>deformitate,</strong></span> <span class='ocrx_word' id='word_1_219' title='bbox 1602 2540 1707 2585; x_wconf 90' lang='lat' dir='ltr'><strong>tam</strong></span> <span class='ocrx_word' id='word_1_220' title='bbox 1742 2536 1859 2585; x_wconf 89' lang='lat' dir='ltr'><strong>fimo</strong></span> <span class='ocrx_word' id='word_1_221' title='bbox 1891 2536 2167 2600; x_wconf 84' lang='lat' dir='ltr'><strong>pecudum,</strong></span> 
     </span>
     <span class='ocr_line' id='line_1_35' title="bbox 244 2606 2163 2675; baseline 0.003 -24"><span class='ocrx_word' id='word_1_222' title='bbox 244 2611 387 2654; x_wconf 88' lang='lat' dir='ltr'><strong>erunt</strong></span> <span class='ocrx_word' id='word_1_223' title='bbox 432 2608 526 2667; x_wconf 88' lang='lat' dir='ltr'><strong>qui</strong></span> <span class='ocrx_word' id='word_1_224' title='bbox 587 2606 812 2655; x_wconf 82' lang='lat' dir='ltr'><strong>dicerent</strong></span> <span class='ocrx_word' id='word_1_225' title='bbox 855 2621 972 2655; x_wconf 88' lang='lat' dir='ltr'><strong>eum</strong></span> <span class='ocrx_word' id='word_1_226' title='bbox 1019 2606 1181 2657; x_wconf 88' lang='lat' dir='ltr'><strong>fuisse</strong></span> <span class='ocrx_word' id='word_1_227' title='bbox 1213 2621 1382 2675; x_wconf 73' lang='lat' dir='ltr'><strong>¹‚quam</strong></span> <span class='ocrx_word' id='word_1_228' title='bbox 1421 2622 1607 2669; x_wconf 82' lang='lat' dir='ltr'><strong>aggere</strong></span> <span class='ocrx_word' id='word_1_229' title='bbox 1641 2606 1900 2667; x_wconf 90' lang='lat' dir='ltr'><strong>ruderum,</strong></span> <span class='ocrx_word' id='word_1_230' title='bbox 1932 2606 2163 2657; x_wconf 79' lang='lat' dir='ltr'><strong>infamat.</strong></span> 
     </span>
     <span class='ocr_line' id='line_1_36' title="bbox 239 2677 2155 2742; baseline 0.002 -21"><span class='ocrx_word' id='word_1_231' title='bbox 239 2677 371 2737; x_wconf 83' lang='lat' dir='ltr'><strong>regis</strong></span> <span class='ocrx_word' id='word_1_232' title='bbox 393 2682 639 2739; x_wconf 90' lang='lat' dir='ltr'><strong>nepotem</strong></span> <span class='ocrx_word' id='word_1_233' title='bbox 662 2691 726 2726; x_wconf 85' lang='lat' dir='ltr'><strong>ex</strong></span> <span class='ocrx_word' id='word_1_234' title='bbox 742 2678 994 2725; x_wconf 88' lang='lat' dir='ltr'><strong>Kentenio</strong></span> <span class='ocrx_word' id='word_1_235' title='bbox 1008 2677 1180 2742; x_wconf 83' lang='lat' dir='ltr'><strong>fratre,</strong></span> <span class='ocrx_word' id='word_1_236' title='bbox 1232 2678 1493 2727; x_wconf 88' lang='lat' dir='ltr'><strong>Postremo</strong></span> <span class='ocrx_word' id='word_1_237' title='bbox 1515 2678 1569 2726; x_wconf 96' lang='lat' dir='ltr'><strong>in</strong></span> <span class='ocrx_word' id='word_1_238' title='bbox 1588 2678 1721 2726; x_wconf 90' lang='lat' dir='ltr'><strong>lecto</strong></span> <span class='ocrx_word' id='word_1_239' title='bbox 1740 2677 1832 2725; x_wconf 91' lang='lat' dir='ltr'><strong>ubi</strong></span> <span class='ocrx_word' id='word_1_240' title='bbox 1852 2678 2155 2739; x_wconf 84' lang='lat' dir='ltr'><strong>cubuerant,</strong></span> 
     </span>
     <span class='ocr_line' id='line_1_37' title="bbox 240 2746 2158 2809; baseline 0.002 -15"><span class='ocrx_word' id='word_1_241' title='bbox 240 2746 326 2794; x_wconf 86' lang='lat' dir='ltr'><strong>sed</strong></span> <span class='ocrx_word' id='word_1_242' title='bbox 361 2763 464 2797; x_wconf 89' lang='lat' dir='ltr'><strong>non</strong></span> <span class='ocrx_word' id='word_1_243' title='bbox 501 2748 709 2809; x_wconf 84' lang='lat' dir='ltr'><strong>placuit</strong></span> <span class='ocrx_word' id='word_1_244' title='bbox 749 2749 895 2796; x_wconf 91' lang='lat' dir='ltr'><strong>nobis</strong></span> <span class='ocrx_word' id='word_1_245' title='bbox 937 2763 1030 2809; x_wconf 88' lang='lat' dir='ltr'><strong>pro</strong></span> <span class='ocrx_word' id='word_1_246' title='bbox 1060 2764 1180 2799; x_wconf 82' lang='lat' dir='ltr'><strong>vero</strong></span> <span class='ocrx_word' id='word_1_247' title='bbox 1228 2764 1432 2809; x_wconf 86' lang='lat' dir='ltr'><strong>porcam</strong></span> <span class='ocrx_word' id='word_1_248' title='bbox 1464 2748 1661 2797; x_wconf 86' lang='lat' dir='ltr'><strong>noviter</strong></span> <span class='ocrx_word' id='word_1_249' title='bbox 1690 2748 1893 2796; x_wconf 83' lang='lat' dir='ltr'><strong>enixam</strong></span> <span class='ocrx_word' id='word_1_250' title='bbox 1926 2748 2158 2798; x_wconf 88' lang='lat' dir='ltr'><strong>collocat.</strong></span> 
     </span>
     <span class='ocr_line' id='line_1_38' title="bbox 235 2818 2159 2881; baseline 0.002 -17"><span class='ocrx_word' id='word_1_251' title='bbox 235 2830 470 2881; x_wconf 82' lang='lat' dir='ltr'><strong>arrogare</strong></span> <span class='ocrx_word' id='word_1_252' title='bbox 545 2818 688 2879; x_wconf 88' lang='lat' dir='ltr'><strong>quod</strong></span> <span class='ocrx_word' id='word_1_253' title='bbox 753 2819 918 2879; x_wconf 86' lang='lat' dir='ltr'><strong>magis</strong></span> <span class='ocrx_word' id='word_1_254' title='bbox 977 2819 1181 2869; x_wconf 84' lang='lat' dir='ltr'><strong>videtur</strong></span> <span class='ocrx_word' id='word_1_255' title='bbox 1229 2818 1451 2879; x_wconf 89' lang='lat' dir='ltr'><strong>Interea,</strong></span> <span class='ocrx_word' id='word_1_256' title='bbox 1483 2834 1601 2869; x_wconf 92' lang='lat' dir='ltr'><strong>cum</strong></span> <span class='ocrx_word' id='word_1_257' title='bbox 1626 2820 1736 2881; x_wconf 87' lang='lat' dir='ltr'><strong>jam</strong></span> <span class='ocrx_word' id='word_1_258' title='bbox 1771 2818 1891 2880; x_wconf 86' lang='lat' dir='ltr'><strong>plus</strong></span> <span class='ocrx_word' id='word_1_259' title='bbox 1923 2818 2159 2867; x_wconf 86' lang='lat' dir='ltr'><strong>milliario</strong></span> 
     </span>
     <span class='ocr_line' id='line_1_39' title="bbox 235 2889 2157 2951; baseline 0.001 -16"><span class='ocrx_word' id='word_1_260' title='bbox 235 2889 460 2949; x_wconf 90' lang='lat' dir='ltr'><strong>opinioni</strong></span> <span class='ocrx_word' id='word_1_261' title='bbox 491 2889 724 2938; x_wconf 89' lang='lat' dir='ltr'><strong>blandiri</strong></span> <span class='ocrx_word' id='word_1_262' title='bbox 750 2890 1003 2951; x_wconf 78' lang='lat' dir='ltr'><strong>volaticae,</strong></span> <span class='ocrx_word' id='word_1_263' title='bbox 1024 2906 1177 2951; x_wconf 90' lang='lat' dir='ltr'><strong>quam</strong></span> <span class='ocrx_word' id='word_1_264' title='bbox 1227 2904 1521 2949; x_wconf 86' lang='lat' dir='ltr'><strong>processum</strong></span> <span class='ocrx_word' id='word_1_265' title='bbox 1576 2893 1729 2951; x_wconf 89' lang='lat' dir='ltr'><strong>esset,</strong></span> <span class='ocrx_word' id='word_1_266' title='bbox 1786 2889 1878 2937; x_wconf 84' lang='lat' dir='ltr'><strong>illa</strong></span> <span class='ocrx_word' id='word_1_267' title='bbox 1920 2889 2157 2937; x_wconf 88' lang='lat' dir='ltr'><strong>maritum</strong></span> 
     </span>
     <span class='ocr_line' id='line_1_40' title="bbox 233 2959 2157 3025; baseline 0 -19"><span class='ocrx_word' id='word_1_268' title='bbox 233 2960 503 3010; x_wconf 70' lang='lat' dir='ltr'><strong>stabilitati</strong></span> <span class='ocrx_word' id='word_1_269' title='bbox 573 2961 838 3009; x_wconf 83' lang='lat' dir='ltr'><strong>convenire</strong></span> <span class='ocrx_word' id='word_1_270' title='bbox 903 2960 1176 3025; x_wconf 67' lang='lat' dir='ltr'><strong>historicae,</strong></span> <span class='ocrx_word' id='word_1_271' title='bbox 1228 2962 1422 3009; x_wconf 83' lang='lat' dir='ltr'><strong>uxoriis</strong></span> <span class='ocrx_word' id='word_1_272' title='bbox 1459 2959 1799 3009; x_wconf 88' lang='lat' dir='ltr'><strong>delinimentis</strong></span> <span class='ocrx_word' id='word_1_273' title='bbox 1842 2959 2157 3021; x_wconf 83' lang='lat' dir='ltr'><strong>aggreditur,</strong></span> 
     </span>
     <span class='ocr_line' id='line_1_41' title="bbox 231 3028 2158 3093; baseline 0 -15"><span class='ocrx_word' id='word_1_274' title='bbox 231 3032 517 3090; x_wconf 70' lang='lat' dir='ltr'><strong>praesertim</strong></span> <span class='ocrx_word' id='word_1_275' title='bbox 555 3045 675 3080; x_wconf 89' lang='lat' dir='ltr'><strong>cum</strong></span> <span class='ocrx_word' id='word_1_276' title='bbox 703 3044 956 3092; x_wconf 87' lang='lat' dir='ltr'><strong>nusquam</strong></span> <span class='ocrx_word' id='word_1_277' title='bbox 989 3032 1054 3079; x_wconf 87' lang='lat' dir='ltr'><strong>ab</strong></span> <span class='ocrx_word' id='word_1_278' title='bbox 1087 3047 1177 3081; x_wconf 88' lang='lat' dir='ltr'><strong>an-</strong></span> <span class='ocrx_word' id='word_1_279' title='bbox 1224 3044 1409 3093; x_wconf 89' lang='lat' dir='ltr'><strong>rogans</strong></span> <span class='ocrx_word' id='word_1_280' title='bbox 1452 3035 1513 3080; x_wconf 92' lang='lat' dir='ltr'><strong>ut</strong></span> <span class='ocrx_word' id='word_1_281' title='bbox 1553 3030 1677 3079; x_wconf 86' lang='lat' dir='ltr'><strong>illuc</strong></span> <span class='ocrx_word' id='word_1_282' title='bbox 1732 3028 1868 3078; x_wconf 91' lang='lat' dir='ltr'><strong>unde</strong></span> <span class='ocrx_word' id='word_1_283' title='bbox 1927 3030 2158 3078; x_wconf 84' lang='lat' dir='ltr'><strong>abierant</strong></span> 
     </span>
     <span class='ocr_line' id='line_1_42' title="bbox 226 3099 2156 3165; baseline 0 -17"><span class='ocrx_word' id='word_1_284' title='bbox 226 3100 364 3162; x_wconf 89' lang='lat' dir='ltr'><strong>tiquo</strong></span> <span class='ocrx_word' id='word_1_285' title='bbox 376 3104 638 3165; x_wconf 88' lang='lat' dir='ltr'><strong>scriptum</strong></span> <span class='ocrx_word' id='word_1_286' title='bbox 649 3102 946 3163; x_wconf 86' lang='lat' dir='ltr'><strong>reperiatur,</strong></span> <span class='ocrx_word' id='word_1_287' title='bbox 957 3106 1008 3150; x_wconf 92' lang='lat' dir='ltr'><strong>et</strong></span> <span class='ocrx_word' id='word_1_288' title='bbox 1019 3102 1174 3153; x_wconf 87' lang='lat' dir='ltr'><strong>Chro-</strong></span> <span class='ocrx_word' id='word_1_289' title='bbox 1223 3102 1509 3151; x_wconf 88' lang='lat' dir='ltr'><strong>necessario</strong></span> <span class='ocrx_word' id='word_1_290' title='bbox 1521 3101 1703 3163; x_wconf 90' lang='lat' dir='ltr'><strong>pedem</strong></span> <span class='ocrx_word' id='word_1_291' title='bbox 1716 3099 1935 3149; x_wconf 90' lang='lat' dir='ltr'><strong>referant</strong></span> <span class='ocrx_word' id='word_1_292' title='bbox 1948 3116 1963 3159; x_wconf 89' lang='lat'>;</span> <span class='ocrx_word' id='word_1_293' title='bbox 1984 3100 2156 3160; x_wconf 85' lang='lat' dir='ltr'><strong>mag-ni</strong></span> 
     </span>
     <span class='ocr_line' id='line_1_43' title="bbox 229 3170 2156 3235; baseline -0.001 -16"><span class='ocrx_word' id='word_1_294' title='bbox 229 3172 342 3222; x_wconf 85' lang='lat' dir='ltr'><strong>nica</strong></span> <span class='ocrx_word' id='word_1_295' title='bbox 362 3174 547 3235; x_wconf 89' lang='lat' dir='ltr'><strong>palam</strong></span> <span class='ocrx_word' id='word_1_296' title='bbox 573 3173 862 3233; x_wconf 88' lang='lat' dir='ltr'><strong>pronuntiet</strong></span> <span class='ocrx_word' id='word_1_297' title='bbox 883 3172 1030 3221; x_wconf 89' lang='lat' dir='ltr'><strong>Inam</strong></span> <span class='ocrx_word' id='word_1_298' title='bbox 1061 3175 1172 3223; x_wconf 85' lang='lat' dir='ltr'><strong>nul·</strong></span> <span class='ocrx_word' id='word_1_299' title='bbox 1222 3171 1529 3222; x_wconf 90' lang='lat' dir='ltr'><strong>discriminis</strong></span> <span class='ocrx_word' id='word_1_300' title='bbox 1560 3186 1665 3221; x_wconf 88' lang='lat' dir='ltr'><strong>rem</strong></span> <span class='ocrx_word' id='word_1_301' title='bbox 1698 3170 1823 3231; x_wconf 88' lang='lat' dir='ltr'><strong>fore,</strong></span> <span class='ocrx_word' id='word_1_302' title='bbox 1856 3170 1901 3218; x_wconf 87' lang='lat' dir='ltr'><strong>si</strong></span> <span class='ocrx_word' id='word_1_303' title='bbox 1934 3184 2033 3218; x_wconf 89' lang='lat' dir='ltr'><strong>non</strong></span> <span class='ocrx_word' id='word_1_304' title='bbox 2065 3184 2156 3218; x_wconf 84' lang='lat' dir='ltr'><strong>ex-</strong></span> 
     </span>
     <span class='ocr_line' id='line_1_44' title="bbox 230 3239 2155 3303; baseline -0.002 -12"><span class='ocrx_word' id='word_1_305' title='bbox 230 3241 330 3291; x_wconf 89' lang='lat' dir='ltr'><strong>lum</strong></span> <span class='ocrx_word' id='word_1_306' title='bbox 362 3244 587 3293; x_wconf 86' lang='lat' dir='ltr'><strong>fratrem</strong></span> <span class='ocrx_word' id='word_1_307' title='bbox 619 3242 859 3292; x_wconf 86' lang='lat' dir='ltr'><strong>habuisse</strong></span> <span class='ocrx_word' id='word_1_308' title='bbox 880 3247 1066 3303; x_wconf 81' lang='lat' dir='ltr'><strong>praeter</strong></span> <span class='ocrx_word' id='word_1_309' title='bbox 1086 3244 1172 3293; x_wconf 89' lang='lat' dir='ltr'><strong>In·</strong></span> <span class='ocrx_word' id='word_1_310' title='bbox 1221 3243 1418 3293; x_wconf 85' lang='lat' dir='ltr'><strong>audiat.</strong></span> <span class='ocrx_word' id='word_1_311' title='bbox 1489 3242 1568 3291; x_wconf 88' lang='lat' dir='ltr'><strong>Re</strong></span> <span class='ocrx_word' id='word_1_312' title='bbox 1611 3256 1711 3303; x_wconf 72' lang='lat' dir='ltr'><strong>npn</strong></span> <span class='ocrx_word' id='word_1_313' title='bbox 1752 3240 2023 3289; x_wconf 85' lang='lat' dir='ltr'><strong>difficulter</strong></span> <span class='ocrx_word' id='word_1_314' title='bbox 2060 3239 2155 3287; x_wconf 86' lang='lat' dir='ltr'><strong>im-</strong></span> 
     </span>
     <span class='ocr_line' id='line_1_45' title="bbox 227 3310 2149 3378; baseline 0 -19"><span class='ocrx_word' id='word_1_315' title='bbox 227 3313 475 3378; x_wconf 88' lang='lat' dir='ltr'><strong>igeldum,</strong></span> <span class='ocrx_word' id='word_1_316' title='bbox 515 3314 617 3377; x_wconf 88' lang='lat' dir='ltr'><strong>qui</strong></span> <span class='ocrx_word' id='word_1_317' title='bbox 652 3314 834 3375; x_wconf 86' lang='lat' dir='ltr'><strong>paucis</strong></span> <span class='ocrx_word' id='word_1_318' title='bbox 871 3315 1018 3363; x_wconf 85' lang='lat' dir='ltr'><strong>annis</strong></span> <span class='ocrx_word' id='word_1_319' title='bbox 1054 3320 1170 3364; x_wconf 88' lang='lat' dir='ltr'><strong>ante</strong></span> <span class='ocrx_word' id='word_1_320' title='bbox 1221 3318 1438 3373; x_wconf 79' lang='lat' dir='ltr'><strong>petrata,</strong></span> <span class='ocrx_word' id='word_1_321' title='bbox 1458 3328 1551 3362; x_wconf 82' lang='lat' dir='ltr'><strong>rex</strong></span> <span class='ocrx_word' id='word_1_322' title='bbox 1572 3312 1751 3361; x_wconf 79' lang='lat' dir='ltr'><strong>videns</strong></span> <span class='ocrx_word' id='word_1_323' title='bbox 1782 3311 1950 3359; x_wconf 89' lang='lat' dir='ltr'><strong>locum</strong></span> <span class='ocrx_word' id='word_1_324' title='bbox 1983 3310 2149 3371; x_wconf 90' lang='lat' dir='ltr'><strong>pridie</strong></span> 
     </span>
     <span class='ocr_line' id='line_1_46' title="bbox 227 3381 2149 3447; baseline -0.001 -17"><span class='ocrx_word' id='word_1_325' title='bbox 227 3383 393 3444; x_wconf 90' lang='lat' dir='ltr'><strong>ipsum</strong></span> <span class='ocrx_word' id='word_1_326' title='bbox 439 3385 692 3435; x_wconf 80' lang='lat' dir='ltr'><strong>decessit.</strong></span> <span class='ocrx_word' id='word_1_327' title='bbox 761 3385 880 3433; x_wconf 89' lang='lat' dir='ltr'><strong>Non</strong></span> <span class='ocrx_word' id='word_1_328' title='bbox 917 3389 1034 3447; x_wconf 86' lang='lat' dir='ltr'><strong>eget</strong></span> <span class='ocrx_word' id='word_1_329' title='bbox 1076 3386 1170 3434; x_wconf 84' lang='lat' dir='ltr'><strong>Al·</strong></span> <span class='ocrx_word' id='word_1_330' title='bbox 1220 3383 1632 3445; x_wconf 87' lang='lat' dir='ltr'><strong>Sardanapalicis</strong></span> <span class='ocrx_word' id='word_1_331' title='bbox 1688 3381 1889 3431; x_wconf 88' lang='lat' dir='ltr'><strong>deliciis</strong></span> <span class='ocrx_word' id='word_1_332' title='bbox 1957 3396 2149 3444; x_wconf 89' lang='lat' dir='ltr'><strong>parem,</strong></span> 
     </span>
     <span class='ocr_line' id='line_1_47' title="bbox 225 3450 2150 3514; baseline -0.002 -11"><span class='ocrx_word' id='word_1_333' title='bbox 225 3455 422 3507; x_wconf 90' lang='lat' dir='ltr'><strong>delmus</strong></span> <span class='ocrx_word' id='word_1_334' title='bbox 467 3462 534 3506; x_wconf 90' lang='lat' dir='ltr'><strong>ut</strong></span> <span class='ocrx_word' id='word_1_335' title='bbox 583 3455 860 3504; x_wconf 85' lang='lat' dir='ltr'><strong>mendaciis</strong></span> <span class='ocrx_word' id='word_1_336' title='bbox 894 3460 1166 3507; x_wconf 87' lang='lat' dir='ltr'><strong>asseratur.</strong></span> <span class='ocrx_word' id='word_1_337' title='bbox 1219 3468 1352 3503; x_wconf 90' lang='lat' dir='ltr'><strong>nunc</strong></span> <span class='ocrx_word' id='word_1_338' title='bbox 1384 3454 1528 3503; x_wconf 85' lang='lat' dir='ltr'><strong>foeda</strong></span> <span class='ocrx_word' id='word_1_339' title='bbox 1556 3453 1827 3502; x_wconf 88' lang='lat' dir='ltr'><strong>solitudine</strong></span> <span class='ocrx_word' id='word_1_340' title='bbox 1856 3450 2150 3514; x_wconf 86' lang='lat' dir='ltr'><strong>deformem,</strong></span> 
     </span>
     <span class='ocr_line' id='line_1_48' title="bbox 220 3522 2148 3587; baseline -0.002 -13"><span class='ocrx_word' id='word_1_341' title='bbox 220 3526 380 3578; x_wconf 87' lang='lat' dir='ltr'><strong>Tanta</strong></span> <span class='ocrx_word' id='word_1_342' title='bbox 402 3533 532 3579; x_wconf 88' lang='lat' dir='ltr'><strong>sunt</strong></span> <span class='ocrx_word' id='word_1_343' title='bbox 555 3526 624 3575; x_wconf 90' lang='lat' dir='ltr'><strong>de</strong></span> <span class='ocrx_word' id='word_1_344' title='bbox 645 3526 735 3575; x_wconf 92' lang='lat' dir='ltr'><strong>illo</strong></span> <span class='ocrx_word' id='word_1_345' title='bbox 755 3542 872 3587; x_wconf 85' lang='lat' dir='ltr'><strong>quae</strong></span> <span class='ocrx_word' id='word_1_346' title='bbox 905 3525 1167 3575; x_wconf 88' lang='lat' dir='ltr'><strong>indubiam</strong></span> <span class='ocrx_word' id='word_1_347' title='bbox 1217 3526 1446 3587; x_wconf 88' lang='lat' dir='ltr'><strong>miratur,</strong></span> <span class='ocrx_word' id='word_1_348' title='bbox 1482 3523 1739 3584; x_wconf 87' lang='lat' dir='ltr'><strong>tacitoque</strong></span> <span class='ocrx_word' id='word_1_349' title='bbox 1766 3522 1967 3583; x_wconf 90' lang='lat' dir='ltr'><strong>judicio</strong></span> <span class='ocrx_word' id='word_1_350' title='bbox 2012 3523 2148 3571; x_wconf 92' lang='lat' dir='ltr'><strong>oculi</strong></span> 
     </span>
     <span class='ocr_line' id='line_1_49' title="bbox 221 3592 2147 3660; baseline -0.002 -15"><span class='ocrx_word' id='word_1_351' title='bbox 221 3598 526 3660; x_wconf 82' lang='lat' dir='ltr'><strong>depromant</strong></span> <span class='ocrx_word' id='word_1_352' title='bbox 537 3598 711 3659; x_wconf 85' lang='lat' dir='ltr'><strong>fidem,</strong></span> <span class='ocrx_word' id='word_1_353' title='bbox 721 3601 795 3645; x_wconf 88' lang='lat' dir='ltr'><strong>tot</strong></span> <span class='ocrx_word' id='word_1_354' title='bbox 811 3600 928 3645; x_wconf 91' lang='lat' dir='ltr'><strong>sunt</strong></span> <span class='ocrx_word' id='word_1_355' title='bbox 939 3611 1056 3658; x_wconf 87' lang='lat' dir='ltr'><strong>quae</strong></span> <span class='ocrx_word' id='word_1_356' title='bbox 1067 3613 1165 3647; x_wconf 90' lang='lat' dir='ltr'><strong>non</strong></span> <span class='ocrx_word' id='word_1_357' title='bbox 1215 3610 1320 3644; x_wconf 89' lang='lat' dir='ltr'><strong>rem</strong></span> <span class='ocrx_word' id='word_1_358' title='bbox 1363 3596 1711 3645; x_wconf 85' lang='lat' dir='ltr'><strong>examinantes</strong></span> <span class='ocrx_word' id='word_1_359' title='bbox 1764 3593 1833 3642; x_wconf 89' lang='lat' dir='ltr'><strong>ad</strong></span> <span class='ocrx_word' id='word_1_360' title='bbox 1886 3592 2147 3641; x_wconf 88' lang='lat' dir='ltr'><strong>mulierem</strong></span> 
     </span>
     <span class='ocr_line' id='line_1_50' title="bbox 219 3664 2143 3719; baseline -0.003 -3"><span class='ocrx_word' id='word_1_361' title='bbox 219 3671 424 3719; x_wconf 85' lang='lat' dir='ltr'><strong>veniant</strong></span> <span class='ocrx_word' id='word_1_362' title='bbox 436 3672 492 3719; x_wconf 89' lang='lat' dir='ltr'><strong>in</strong></span> <span class='ocrx_word' id='word_1_363' title='bbox 515 3670 683 3718; x_wconf 86' lang='lat' dir='ltr'><strong>litem.</strong></span> <span class='ocrx_word' id='word_1_364' title='bbox 719 3667 920 3716; x_wconf 88' lang='lat' dir='ltr'><strong>Habuit</strong></span> <span class='ocrx_word' id='word_1_365' title='bbox 935 3682 1055 3717; x_wconf 84' lang='lat' dir='ltr'><strong>sane</strong></span> <span class='ocrx_word' id='word_1_366' title='bbox 1070 3669 1167 3718; x_wconf 90' lang='lat' dir='ltr'><strong>Ina</strong></span> <span class='ocrx_word' id='word_1_367' title='bbox 1213 3666 1427 3716; x_wconf 87' lang='lat' dir='ltr'><strong>rediere.</strong></span> <span class='ocrx_word' id='word_1_368' title='bbox 1507 3666 1651 3715; x_wconf 88' lang='lat' dir='ltr'><strong>Tunc</strong></span> <span class='ocrx_word' id='word_1_369' title='bbox 1693 3664 1785 3712; x_wconf 88' lang='lat' dir='ltr'><strong>illa</strong></span> <span class='ocrx_word' id='word_1_370' title='bbox 1826 3664 2143 3711; x_wconf 89' lang='lat' dir='ltr'><strong>occasionem</strong></span> 
     </span>
     <span class='ocr_line' id='line_1_51' title="bbox 217 3732 2146 3801; baseline -0.004 -14"><span class='ocrx_word' id='word_1_371' title='bbox 217 3752 412 3791; x_wconf 88' lang='lat' dir='ltr'><strong>sorores</strong></span> <span class='ocrx_word' id='word_1_372' title='bbox 469 3738 833 3801; x_wconf 79' lang='lat' dir='ltr'><strong>cuthburgam</strong></span> <span class='ocrx_word' id='word_1_373' title='bbox 887 3742 940 3786; x_wconf 89' lang='lat' dir='ltr'><strong>et</strong></span> <span class='ocrx_word' id='word_1_374' title='bbox 993 3739 1166 3789; x_wconf 83' lang='lat' dir='ltr'><strong>Quen·</strong></span> <span class='ocrx_word' id='word_1_375' title='bbox 1213 3741 1489 3797; x_wconf 90' lang='lat' dir='ltr'><strong>aucupata,</strong></span> <span class='ocrx_word' id='word_1_376' title='bbox 1528 3736 1805 3795; x_wconf 80' lang='lat' dir='ltr'><strong>laetumque</strong></span> <span class='ocrx_word' id='word_1_377' title='bbox 1858 3732 2146 3794; x_wconf 88' lang='lat' dir='ltr'><strong>subridens,</strong></span> 
     </span>
     <span class='ocr_line' id='line_1_52' title="bbox 219 3802 2143 3873; baseline -0.005 -15"><span class='ocrx_word' id='word_1_378' title='bbox 219 3810 433 3873; x_wconf 88' lang='lat' dir='ltr'><strong>burgam</strong></span> <span class='ocrx_word' id='word_1_379' title='bbox 451 3828 466 3859; x_wconf 68' lang='grc' dir='ltr'>ι</span> <span class='ocrx_word' id='word_1_380' title='bbox 493 3809 806 3871; x_wconf 87' lang='lat' dir='ltr'><strong>Cuthburga</strong></span> <span class='ocrx_word' id='word_1_381' title='bbox 817 3807 1018 3857; x_wconf 86' lang='lat' dir='ltr'><strong>Alfrido</strong></span> <span class='ocrx_word' id='word_1_382' title='bbox 1031 3808 1160 3858; x_wconf 87' lang='lat' dir='ltr'><strong>Nor·</strong></span> <span class='ocrx_word' id='word_1_383' title='bbox 1213 3806 1248 3834; x_wconf 88' lang='lat'><strong>“</strong></span> <span class='ocrx_word' id='word_1_384' title='bbox 1262 3808 1330 3856; x_wconf 89' lang='lat' dir='ltr'><strong>Et</strong></span> <span class='ocrx_word' id='word_1_385' title='bbox 1350 3808 1437 3855; x_wconf 92' lang='lat' dir='ltr'><strong>ubi</strong></span> <span class='ocrx_word' id='word_1_386' title='bbox 1465 3803 1635 3868; x_wconf 90' lang='lat' dir='ltr'><strong>sunt,’&#39;</strong></span> <span class='ocrx_word' id='word_1_387' title='bbox 1658 3805 1748 3863; x_wconf 92' lang='lat' dir='ltr'><strong>ait,</strong></span> <span class='ocrx_word' id='word_1_388' title='bbox 1760 3804 1794 3831; x_wconf 90' lang='lat'><strong>“</strong></span> <span class='ocrx_word' id='word_1_389' title='bbox 1806 3802 2007 3851; x_wconf 85' lang='lat' dir='ltr'><strong>domine</strong></span> <span class='ocrx_word' id='word_1_390' title='bbox 2020 3816 2143 3851; x_wconf 88' lang='lat' dir='ltr'><strong>con-</strong></span> 
     </span>
     <span class='ocr_line' id='line_1_53' title="bbox 216 3872 2141 3941; baseline -0.005 -10"><span class='ocrx_word' id='word_1_391' title='bbox 216 3882 624 3931; x_wconf 82' lang='lat' dir='ltr'><strong>thanimbrorum</strong></span> <span class='ocrx_word' id='word_1_392' title='bbox 660 3880 770 3941; x_wconf 86' lang='lat' dir='ltr'><strong>regi</strong></span> <span class='ocrx_word' id='word_1_393' title='bbox 804 3884 1018 3940; x_wconf 89' lang='lat' dir='ltr'><strong>nuptum</strong></span> <span class='ocrx_word' id='word_1_394' title='bbox 1063 3884 1164 3929; x_wconf 89' lang='lat' dir='ltr'><strong>tra-</strong></span> <span class='ocrx_word' id='word_1_395' title='bbox 1205 3878 1325 3940; x_wconf 83' lang='lat' dir='ltr'><strong>jux,</strong></span> <span class='ocrx_word' id='word_1_396' title='bbox 1336 3876 1557 3926; x_wconf 88' lang='lat' dir='ltr'><strong>hesterni</strong></span> <span class='ocrx_word' id='word_1_397' title='bbox 1570 3874 1842 3936; x_wconf 77' lang='lat' dir='ltr'><strong>strepitus?</strong></span> <span class='ocrx_word' id='word_1_398' title='bbox 1865 3874 1955 3922; x_wconf 91' lang='lat' dir='ltr'><strong>ubi</strong></span> <span class='ocrx_word' id='word_1_399' title='bbox 1971 3872 2141 3921; x_wconf 86' lang='lat' dir='ltr'><strong>aulaea&#39;</strong></span> 
     </span>
     <span class='ocr_line' id='line_1_54' title="bbox 214 3943 2140 4017; baseline -0.006 -17"><span class='ocrx_word' id='word_1_400' title='bbox 214 3952 574 4017; x_wconf 87' lang='lat' dir='ltr'><strong>dita,sed,non</strong></span> <span class='ocrx_word' id='word_1_401' title='bbox 584 3949 1162 4013; x_wconf 83' lang='lat' dir='ltr'><strong>postmultumeonjugio</strong></span> <span class='ocrx_word' id='word_1_402' title='bbox 1213 3948 1433 3997; x_wconf 88' lang='lat' dir='ltr'><strong>Sidoniis</strong></span> <span class='ocrx_word' id='word_1_403' title='bbox 1454 3947 1588 3995; x_wconf 86' lang='lat' dir='ltr'><strong>fucis</strong></span> <span class='ocrx_word' id='word_1_404' title='bbox 1616 3945 1788 3993; x_wconf 73' lang='lat' dir='ltr'><strong>ebria?</strong></span> <span class='ocrx_word' id='word_1_405' title='bbox 1832 3944 1925 3992; x_wconf 92' lang='lat' dir='ltr'><strong>ubi</strong></span> <span class='ocrx_word' id='word_1_406' title='bbox 1944 3943 2140 4005; x_wconf 84' lang='lat' dir='ltr'><strong>parasi-</strong></span> 
     </span>
     <span class='ocr_line' id='line_1_55' title="bbox 215 4013 2246 4086; baseline -0.006 -14"><span class='ocrx_word' id='word_1_407' title='bbox 215 4023 444 4086; x_wconf 88' lang='lat' dir='ltr'><strong>diducto,</strong></span> <span class='ocrx_word' id='word_1_408' title='bbox 481 4023 652 4086; x_wconf 85' lang='lat' dir='ltr'><strong>primo</strong></span> <span class='ocrx_word' id='word_1_409' title='bbox 683 4022 824 4083; x_wconf 92' lang='lat' dir='ltr'><strong>apud</strong></span> <span class='ocrx_word' id='word_1_410' title='bbox 847 4020 1161 4083; x_wconf 86' lang='lat' dir='ltr'><strong>Berkingum</strong></span> <span class='ocrx_word' id='word_1_411' title='bbox 1210 4022 1374 4067; x_wconf 88' lang='lat' dir='ltr'><strong>torum</strong></span> <span class='ocrx_word' id='word_1_412' title='bbox 1395 4018 1684 4067; x_wconf 87' lang='lat' dir='ltr'><strong>discurrens</strong></span> <span class='ocrx_word' id='word_1_413' title='bbox 1703 4014 2015 4075; x_wconf 70' lang='lat' dir='ltr'><strong>petulantia?</strong></span> <span class='ocrx_word' id='word_1_414' title='bbox 2047 4013 2139 4061; x_wconf 89' lang='lat' dir='ltr'><strong>ubi</strong></span> <span class='ocrx_word' id='word_1_415' title='bbox 2239 4038 2246 4044; x_wconf 91' lang='lat'><strong>·</strong></span> 
     </span>
     <span class='ocr_line' id='line_1_56' title="bbox 211 4084 2139 4153; baseline -0.005 -11"><span class='ocrx_word' id='word_1_416' title='bbox 211 4086 310 4143; x_wconf 69' lang='lat' dir='ltr'><strong>&#39;sub</strong></span> <span class='ocrx_word' id='word_1_417' title='bbox 365 4094 642 4144; x_wconf 88' lang='lat' dir='ltr'><strong>abbatissa</strong></span> <span class='ocrx_word' id='word_1_418' title='bbox 697 4090 982 4153; x_wconf 88' lang='lat' dir='ltr'><strong>Hildelida‚</strong></span> <span class='ocrx_word' id='word_1_419' title='bbox 1043 4106 1161 4141; x_wconf 84' lang='lat' dir='ltr'><strong>mox</strong></span> <span class='ocrx_word' id='word_1_420' title='bbox 1212 4089 1453 4138; x_wconf 76' lang='lat' dir='ltr'><strong>Daedalia</strong></span> <span class='ocrx_word' id='word_1_421' title='bbox 1485 4101 1611 4137; x_wconf 82' lang='lat' dir='ltr'><strong>vasa</strong></span> <span class='ocrx_word' id='word_1_422' title='bbox 1644 4084 1863 4147; x_wconf 88' lang='lat' dir='ltr'><strong>pondere</strong></span> <span class='ocrx_word' id='word_1_423' title='bbox 1914 4084 2139 4133; x_wconf 87' lang='lat' dir='ltr'><strong>metallo-</strong></span> 
     </span>
     <span class='ocr_line' id='line_1_57' title="bbox 216 4155 2138 4229; baseline -0.005 -17"><span class='ocrx_word' id='word_1_424' title='bbox 216 4165 330 4226; x_wconf 89' lang='lat' dir='ltr'><strong>ipsa</strong></span> <span class='ocrx_word' id='word_1_425' title='bbox 360 4166 619 4229; x_wconf 88' lang='lat' dir='ltr'><strong>magistra</strong></span> <span class='ocrx_word' id='word_1_426' title='bbox 647 4162 840 4224; x_wconf 84' lang='lat' dir='ltr'><strong>regulae</strong></span> <span class='ocrx_word' id='word_1_427' title='bbox 864 4160 1160 4211; x_wconf 87' lang='lat' dir='ltr'><strong>Wimburne</strong></span> <span class='ocrx_word' id='word_1_428' title='bbox 1211 4174 1322 4207; x_wconf 90' lang='lat' dir='ltr'><strong>rum</strong></span> <span class='ocrx_word' id='word_1_429' title='bbox 1345 4172 1543 4207; x_wconf 84' lang='lat' dir='ltr'><strong>mensas</strong></span> <span class='ocrx_word' id='word_1_430' title='bbox 1564 4158 1705 4218; x_wconf 88' lang='lat' dir='ltr'><strong>ipsas</strong></span> <span class='ocrx_word' id='word_1_431' title='bbox 1726 4156 2013 4203; x_wconf 75' lang='lat' dir='ltr'><strong>onerantia?</strong></span> <span class='ocrx_word' id='word_1_432' title='bbox 2047 4155 2138 4203; x_wconf 90' lang='lat' dir='ltr'><strong>ubi</strong></span> 
     </span>
     <span class='ocr_line' id='line_1_58' title="bbox 215 4225 2137 4298; baseline -0.006 -15"><span class='ocrx_word' id='word_1_433' title='bbox 215 4234 326 4286; x_wconf 89' lang='lat' dir='ltr'><strong>Deo</strong></span> <span class='ocrx_word' id='word_1_434' title='bbox 382 4236 636 4298; x_wconf 87' lang='lat' dir='ltr'><strong>placitam</strong></span> <span class='ocrx_word' id='word_1_435' title='bbox 689 4234 845 4282; x_wconf 82' lang='lat' dir='ltr'><strong>vitam</strong></span> <span class='ocrx_word' id='word_1_436' title='bbox 898 4233 1159 4295; x_wconf 87' lang='lat' dir='ltr'><strong>transegit.</strong></span> <span class='ocrx_word' id='word_1_437' title='bbox 1209 4234 1342 4279; x_wconf 89' lang='lat' dir='ltr'><strong>terra</strong></span> <span class='ocrx_word' id='word_1_438' title='bbox 1373 4229 1601 4290; x_wconf 89' lang='lat' dir='ltr'><strong>marique</strong></span> <span class='ocrx_word' id='word_1_439' title='bbox 1634 4225 1891 4287; x_wconf 87' lang='lat' dir='ltr'><strong>exquisita</strong></span> <span class='ocrx_word' id='word_1_440' title='bbox 1911 4225 1979 4273; x_wconf 90' lang='lat' dir='ltr'><strong>ad</strong></span> <span class='ocrx_word' id='word_1_441' title='bbox 2002 4225 2137 4287; x_wconf 79' lang='lat' dir='ltr'><strong>gulae</strong></span> 
     </span>
     <span class='ocr_line' id='line_1_59' title="bbox 216 4295 2141 4366; baseline -0.005 -13"><span class='ocrx_word' id='word_1_442' title='bbox 216 4306 376 4356; x_wconf 87' lang='lat' dir='ltr'><strong>Vicus</strong></span> <span class='ocrx_word' id='word_1_443' title='bbox 421 4311 506 4356; x_wconf 88' lang='lat' dir='ltr'><strong>est</strong></span> <span class='ocrx_word' id='word_1_444' title='bbox 553 4304 702 4353; x_wconf 89' lang='lat' dir='ltr'><strong>modo</strong></span> <span class='ocrx_word' id='word_1_445' title='bbox 738 4302 994 4366; x_wconf 89' lang='lat' dir='ltr'><strong>ignobilis,</strong></span> <span class='ocrx_word' id='word_1_446' title='bbox 1038 4307 1158 4352; x_wconf 90' lang='lat' dir='ltr'><strong>tunc</strong></span> <span class='ocrx_word' id='word_1_447' title='bbox 1209 4300 1509 4349; x_wconf 89' lang='lat' dir='ltr'><strong>lenocinium</strong></span> <span class='ocrx_word' id='word_1_448' title='bbox 1524 4298 1764 4346; x_wconf 80' lang='lat' dir='ltr'><strong>obsonia?</strong></span> <span class='ocrx_word' id='word_1_449' title='bbox 1795 4310 1959 4343; x_wconf 89' lang='lat' dir='ltr'><strong>nonne</strong></span> <span class='ocrx_word' id='word_1_450' title='bbox 1971 4295 2141 4343; x_wconf 91' lang='lat' dir='ltr'><strong>omnia</strong></span> 
     </span>
     <span class='ocr_line' id='line_1_60' title="bbox 213 4366 2139 4439; baseline -0.007 -14"><span class='ocrx_word' id='word_1_451' title='bbox 213 4378 454 4439; x_wconf 87' lang='lat' dir='ltr'><strong>temporis</strong></span> <span class='ocrx_word' id='word_1_452' title='bbox 479 4375 720 4437; x_wconf 84' lang='lat' dir='ltr'><strong>insignis,</strong></span> <span class='ocrx_word' id='word_1_453' title='bbox 742 4375 794 4421; x_wconf 91' lang='lat' dir='ltr'><strong>in</strong></span> <span class='ocrx_word' id='word_1_454' title='bbox 809 4388 911 4433; x_wconf 87' lang='lat' dir='ltr'><strong>quo</strong></span> <span class='ocrx_word' id='word_1_455' title='bbox 923 4372 1159 4434; x_wconf 84' lang='lat' dir='ltr'><strong>frequens</strong></span> <span class='ocrx_word' id='word_1_456' title='bbox 1208 4370 1379 4420; x_wconf 84' lang='lat' dir='ltr'><strong>fumus</strong></span> <span class='ocrx_word' id='word_1_457' title='bbox 1411 4374 1462 4418; x_wconf 88' lang='lat' dir='ltr'><strong>et</strong></span> <span class='ocrx_word' id='word_1_458' title='bbox 1493 4372 1709 4416; x_wconf 75' lang='lat' dir='ltr'><strong>ventus?</strong></span> <span class='ocrx_word' id='word_1_459' title='bbox 1742 4370 1803 4413; x_wconf 87' lang='lat' dir='ltr'><strong>et·</strong></span> <span class='ocrx_word' id='word_1_460' title='bbox 1827 4382 1903 4413; x_wconf 82' lang='lat' dir='ltr'><strong>vae</strong></span> <span class='ocrx_word' id='word_1_461' title='bbox 1938 4366 2017 4411; x_wconf 88' lang='lat' dir='ltr'><strong>his</strong></span> <span class='ocrx_word' id='word_1_462' title='bbox 2048 4366 2139 4425; x_wconf 89' lang='lat' dir='ltr'><strong>qui</strong></span> 
     </span>
    </p>
   </div>
  </div>
 </body>
</html>
