3023 5045
518 1988 628 2028 A.D.
651 1989 762 2029 1054.

833 488 966 553 330
1283 503 1511 552 cusu
1560 501 1815 553 ancum
1864 502 2291 552 Anononum.
2456 485 2631 568 [Lm.
2665 500 2750 548 11.

837 668 1096 727 nosset.
1203 661 1392 726 Nam
1435 661 1602 727 dum
1648 662 1952 746 quadam
1979 663 2133 729 viee
2160 667 2492 726 venatum
2546 662 2743 736 isset,

839 771 912 827 et
959 763 1256 845 agrestis
1291 763 1575 846 quidam
1620 763 1975 850 stabulata
2016 763 2142 826 illa
2185 763 2436 846 quibus
2478 762 2553 824 in
2586 781 2743 825 cas-

838 883 951 928 ses
1005 863 1191 930 cervi
1253 871 1593 946 urgentur
1644 864 2093 941 confudisset,
2148 863 2267 927 ille
2332 881 2465 926 sua
2524 862 2745 928 nobili

837 965 1145 1047 percitus
1203 965 1332 1041 ira,
1400 971 1420 1000 ‘
1447 963 1587 1028 Per
1634 965 1912 1042 Deum,’
1968 964 2221 1046 inquit,
2284 968 2304 997 ‘
2324 971 2399 1028 et
2444 969 2739 1026 matrem

839 1065 1016 1147 ejus,
1067 1064 1472 1128 tantundem
1524 1065 1651 1129 tibi
1695 1066 1957 1129 nocebo
2011 1065 2072 1127 si
2121 1063 2416 1147 potero.'
2519 1063 2740 1144 Egre-

840 1165 997 1246 gius
1031 1165 1326 1242 animuS,
1363 1165 1484 1248 qui
1524 1184 1600 1228 se
1646 1185 1883 1247 regem
1917 1166 1991 1228 in
2021 1164 2279 1229 talibus
2327 1183 2469 1227 non
2499 1164 2741 1227 memi-

839 1265 1081 1342 nisset,
1133 1285 1261 1328 neo
1305 1251 1596 1349 abjectae
1646 1265 2063 1330 conditionis
2113 1264 2373 1327 homini
2412 1283 2489 1327 se
2534 1282 2743 1346 posse

839 1384 1086 1428 nocere
1117 1371 1416 1447 putaret.
1523 1365 1698 1430 Erat
1739 1367 2007 1430 interea
2051 1363 2202 1448 ejus
2237 1364 2423 1447 apud
2466 1363 2740 1427 domes-

841 1466 1017 1528 ticos
1063 1465 1453 1530 reverentia
1502 1465 1898 1544 vehemens,
1951 1464 2137 1548 apud
2192 1472 2473 1531 exteros
2512 1471 2739 1528 metus

841 1566 1090 1647 ingens
1133 1586 1150 1645 3
1225 1566 1509 1630 fovebat
1587 1566 1915 1649 profecto,
1986 1565 2138 1648 ejus
2222 1564 2739 1647 simplicitatem

844 1665 1064 1743 DeuS,
1103 1673 1184 1730 ut
1221 1672 1460 1748 posset
1494 1667 1723 1731 timeri
1753 1667 1875 1749 qui
1906 1666 2205 1729 nesciret
2241 1665 2473 1729 irasci.
2578 1664 2738 1742 Sed,

843 1767 1162 1848 quamvis
1198 1759 1216 1796 ¹
1233 1766 1346 1831 vel
1376 1767 1575 1830 deses
1608 1766 1721 1830 vel
1767 1766 2066 1849 simplex
2108 1771 2497 1848 putaretur,
2532 1763 2741 1830 habe-

842 1866 965 1930 bat
1008 1867 1294 1930 comites
1331 1867 1451 1950 qui
1495 1886 1655 1930 eum
1702 1886 1792 1929 ex
1836 1865 2079 1929 humili
2109 1867 2185 1929 in
2218 1865 2439 1929 altum
2480 1884 2739 1929 conan-

843 1972 984 2030 tem
1042 1966 1410 2048 erigerent.
1532 1960 1557 1998 ²
1571 1966 1957 2031 Siwardum
2034 1964 2740 2043 Northimbrensium,

843 2066 987 2148 qui,
1028 2064 1237 2150 jussu
1291 2067 1443 2151 ejus
1503 2085 1663 2131 cum
1725 2065 2090 2131 Scotorum
2144 2085 2307 2149 rege
2362 2064 2744 2129 Macbetha

841 2185 1279 2249 congressuS,
1330 2168 1484 2236 ,vita
1527 2187 1882 2250 regnoque
1928 2155 2301 2250 spoliavit;
2346 2165 2744 2249 ibidemque

841 2261 1354 2345 ³Malcolmum,
1390 2267 1611 2331 filium
1642 2269 1827 2350 regis
1860 2266 2341 2344 cumbrorum,
2375 2285 2614 2347 regem
2638 2266 2744 2330 in-

839 2369 1092 2432 stituit.
1197 2367 1547 2432 Lefricum
1578 2367 2219 2445 Herefordensium,
2243 2367 2362 2450 qui
2386 2387 2549 2431 eum
2576 2386 2743 2431 con-

841 2475 953 2533 tra
1003 2467 1393 2533 simultates
1427 2461 1795 2533 4Godwini
1829 2468 2070 2533 favore
2122 2466 2495 2551 magnifico
2548 2475 2742 2532 tuta-

837 2571 1069 2647 batur,
1134 2569 1321 2651 quod
1378 2569 1496 2635 ille
1549 2569 1803 2633 fidente
1856 2570 2281 2633 conscientia
2334 2569 2744 2633 meritorum

837 2658 1068 2733 minus
1125 2690 1358 2751 regem
1401 2676 1855 2735 revereretur.·
1962 2668 2321 2733 Leofricus
2366 2688 2525 2732 cum
2576 2689 2745 2733 con-

832 2769 1006 2854 juge
1040 2769 1340 2847 Godiva,
1373 2770 1445 2834 in
1477 2771 1616 2834 Dei
1658 2771 1864 2833 rebus
1894 2769 2286 2848 munificuS,
2318 2770 2744 2834 monasteria

843 2871 1066 2935 multa
1140 2870 1541 2951 constituit;
1616 2869 2077 2948 Coventreiae,
2161 2876 2424 2934 sanctae
2490 2869 2743 2935 Mariae

844 2971 1082 3063 ¹Stoue,
1129 2969 1499 3048 Wenelok,
1568 2970 1951 3050 Leonense,
2015 2977 2087 3035 et
2148 2969 2483 3034 nonnulla
2548 2971 2741 3035 alia:

843 3073 1112 3136 caeteris
1156 3078 1565 3135 ornamenta
1596 3078 1667 3135 et
1697 3071 1985 3154 praedia,
2021 3070 2455 3135 Coventreiae
2488 3090 2743 3155 corpus

843 3170 1233 3235 suum'cum
1262 3168 1571 3235 maximo
1617 3168 1961 3255 apparatu
2006 3169 2159 3235 auri
2204 3179 2276 3236 et
2320 3172 2595 3253 argenti
2622 3171 2741 3235 de-

842 3272 1129 3354 legavit.
1180 3327 1184 3331 ,
1218 3266 1643 3336 ⁵Haroldum
1658 3270 2264 3337 West-Saxonum
2294 3272 2515 3336 filium
2546 3272 2740 3337 God-

841 3373 1028 3453 wini,
1063 3373 1182 3456 qui
1225 3372 1402 3436 duos
1451 3372 1704 3439 fratres
1752 3392 1951 3454 reges
1986 3372 2449 3450 Walensium,
2496 3371 2631 3436 Ris
2676 3379 2744 3436 et

841 3472 1232 3551 Griffinum,
1282 3472 1571 3537 solertia
1624 3493 1754 3536 sua
1808 3474 1881 3536 in
1943 3465 2249 3537 mortem*
2291 3473 2539 3556 egerit,
2596 3494 2738 3537 om-

910 3687 926 3720 ¹
961 3690 1050 3740 Vel
1071 3689 1246 3753 deses]
1280 3688 1362 3739 A.-
1383 3690 1444 3741 S.
1471 3691 1531 3740 C.
1556 3690 1628 3741 D.
1663 3691 1762 3753 L.;
1885 3688 1906 3721 ³
1941 3688 2300 3751 Mala-dmum]
2354 3692 2599 3741 Maleolm
2639 3692 2739 3743 ΙΙΙ.

838 3761 1047 3809 omitted
1067 3761 1122 3809 in
1143 3762 1210 3811 E.
1813 3762 1909 3811 See
1954 3767 2070 3811 note
2113 3760 2154 3823 ⁵,
2202 3778 2257 3824 p.
2312 3766 2427 3827 303,
2472 3764 2577 3813 and
2622 3764 2738 3812 Sax.

909 3827 931 3859 ²
953 3830 1236 3881 Siwardum
1259 3866 1273 3880 .
1291 3866 1304 3881 .
1323 3866 1337 3879 .
1360 3830 1633 3895 spoliavit]
1654 3831 1765 3879 The
1815 3832 2005 3883 Chron.
2027 3832 2167 3883 A.D.
2192 3836 2341 3883 1007.

841 3896 1012 3950 ὃωὶοιι
1047 3901 1317 3951 Ghronicle
1357 3905 1514 3951 states
1557 3902 1669 3951 that
1699 3918 1765 3951 on

839 3971 926 4021 the
970 3971 1072 4032 day
1110 3972 1168 4020 of
1204 3972 1289 4021 the
1335 3972 1497 4021 Seven
1532 3972 1765 4035 Sleepers
1882 3970 1905 4003 4
1932 3966 2211 4041 Godwim']
2246 3972 2348 4021 For
2369 3987 2435 4021 an
2456 3978 2671 4023 account
2688 3972 2744 4021 of

839 4040 986 4106 (2⁷th
1008 4038 1182 4106 July),
1198 4041 1340 4091 A.D.
1364 4045 1515 4104 1054,
1540 4043 1663 4092 Earl
1686 4044 1763 4092 Si-
1814 4044 2083 4093 Godwin's
2104 4044 2369 4107 rebellion,
2389 4044 2484 4093 διο.
2509 4060 2594 4094 see
2617 4044 2731 4093 Sax.

840 4112 986 4161 ward
1018 4117 1157 4161 went
1197 4112 1324 4161 with
1368 4128 1403 4161 a
1442 4113 1587 4175 large
1620 4128 1763 4175 army
1814 4115 2002 4165 Chron.
2025 4114 2168 4164 A.D.
2194 4118 2346 4178 1061,
2366 4118 2515 4165 1⁰52.

839 4184 1042 4243 against
1073 4183 1332 4244 Scotland,
1353 4183 1474 4244 and,
1507 4186 1764 4246 engaging

839 4252 964 4301 with
987 4253 1070 4300 the
1094 4254 1258 4317 Scots,
1279 4254 1342 4303 he
1366 4258 1462 4315 put
1486 4254 1761 4305 Macbeoth
1798 4286 1801 4291 -
1886 4252 1905 4281 ⁵
1928 4254 2247 4319 Har-oldam]
2273 4255 2595 4305 Asterwards
2617 4256 2731 4316 king

840 4327 890 4371 to
914 4322 1074 4385 ssight.
1813 4324 1871 4373 of
1887 4325 2143 4387 England.
