3023 5045
817 475 948 544 122
1273 490 1501 540 ensi-A
1548 488 1805 540 ancum
1850 491 2281 540 Ancmnuu.
2472 475 2647 558 [mn.
2680 493 2733 541 Β

815 651 1080 718 viribus
1107 669 1378 735 semper
1403 649 1802 734 amplector.
1904 651 2131 716 Decet
2158 651 2343 715 enim
2361 650 2553 715 inter
2570 658 2731 716 tan-

813 760 932 818 tas
987 771 1322 836 personas
1381 751 1553 816 fides
1608 758 1857 816 sancta
1913 752 2203 830 servari,
2256 760 2329 816 et
2391 750 2735 817 inviolata

819 853 1076 918 caritas
1104 851 1436 918 custodiri
1461 873 1481 933 3
1528 853 1695 936 quia
1727 859 2025 936 paterna
2046 852 2273 936 pietas
2302 851 2599 916 filiorum
2628 852 2733 916 se-

819 953 1049 1018 licitas
1075 954 1148 1018 in
1179 954 1334 1018 Deo
1369 972 1523 1018 esse
1566 953 1907 1018 credenda
1934 961 2068 1032 est,
2113 947 2132 986 ¹
2148 952 2529 1018 secundum
2556 952 2733 1017 illud

823 1053 1166 1132 Ezechiae,
1185 1054 1454 1118 “Pater
1469 1054 1631 1118 filiis
1650 1061 1887 1119 notam
1903 1054 2114 1141 faciet
2129 1053 2495 1119 veritatem
2512 1060 2733 1132 tuam,

823 1153 1192 1220 Domine.”
1296 1155 1388 1220 In
1412 1155 1665 1237 quibus
1693 1155 1923 1220 verbis
1952 1162 2023 1220 te
2052 1153 2382 1242 (amande
2422 1151 2735 1239 genitor)

821 1255 1142 1338 implor0‚
1200 1262 1280 1320 ut
1333 1255 1476 1320 filio
1521 1262 1669 1333 tuo,
1714 1262 1859 1319 tam
1908 1256 1969 1320 si
2012 1255 2327 1337 indigno,
2366 1255 2735 1319 veritatem

825 1356 1108 1422 Domini
1155 1357 1296 1420 tuis
1321 1356 1550 1421 verbis
1582 1356 2041 1420 sacrosanctis
2070 1361 2309 1419 notam
2336 1353 2563 1418 facere
2588 1374 2732 1419 non

824 1456 1146 1539 denegeS,
1199 1464 1282 1521 ut
1337 1476 1462 1540 per
1515 1463 1709 1520 tuam
1754 1475 1999 1520 sanam
2050 1455 2528 1532 eruditionem,
2574 1456 2734 1520 Deo

825 1556 1230 1642 adjuvante,
1283 1556 1372 1620 ad
1419 1556 1724 1630 melioris
1771 1555 1939 1621 vitae
1984 1556 2415 1639 propositum
2464 1575 2737 1620 merear

827 1657 1210 1741 pervenire.
1314 1655 1506 1735 Quin
1530 1658 1764 1735 etiam,
1792 1657 2210 1734 dulcissime,
2232 1675 2389 1720 cum
2410 1656 2735 1720 omnibus

825 1757 1170 1841 episcopis
1219 1758 1498 1836 nostriS,
1525 1765 1598 1822 et
1623 1757 1735 1842 cuj
1746 1775 2099 1839 uscunque
2128 1758 2314 1840 apud
2342 1777 2471 1822 nos
2502 1757 2739 1838 digni-

825 1860 996 1924 tatis
1041 1876 1360 1942 persona‚
1393 1857 1725 1940 deprecor
1772 1857 1876 1921 uti
1920 1858 2119 1921 nobis
2170 1857 2257 1920 de
2306 1857 2739 1922 multimodis

824 1959 1409 2042 inquisitionibus,
1454 1977 1663 2042 super
1721 1958 1971 2041 quibus
2028 1958 2406 2022 maximam
2460 1958 2741 2022 subtili-

825 2067 1045 2124 tatem
1089 2065 1393 2125 vestram
1443 2059 1732 2142 dignum
1779 2057 2103 2122 duximus
2148 2058 2567 2141 perquirere,
2611 2059 2741 2122 be-

825 2162 1038 2243 nigne
1081 2158 1525 2242 respondeas,
1556 2179 1642 2224 ne
1668 2166 2066 2224 sanctorum
2100 2159 2385 2224 traditio
2426 2166 2739 2242 patrum,

825 2268 900 2326 et
945 2263 1036 2326 ab
1085 2261 1226 2325 illis
1268 2259 1527 2325 tradita
1578 2261 1776 2325 nobis
1815 2260 2083 2342 regula,
2126 2261 2327 2342 quasi
2374 2259 2743 2341 incognita

826 2382 952 2445 per
977 2361 1236 2446 aliquid
1264 2361 1548 2426 vitietur
1590 2361 1665 2425 in
1710 2361 1950 2442 nobis;
1995 2359 2116 2424 sed
2164 2379 2392 2425 sermo
2431 2367 2593 2424 tuus
2626 2361 2742 2424 di-

827 2470 1058 2529 rectus
1110 2461 1308 2527 nobis
1355 2462 1430 2526 in
1475 2462 1765 2527 caritate
1816 2470 1887 2528 et
1920 2453 2446 2527 mansuetudine
2475 2461 2744 2541 veniat,

827 2572 909 2629 ut
951 2584 1077 2647 per
1120 2563 1257 2627 Dei
1311 2563 1849 2628 misericordiam
1906 2563 2342 2647 profuturum
2396 2563 2473 2627 in
2532 2564 2745 2627 nobis

826 2665 1143 2748 perficiat
1163 2663 1487 2729 fructum.
1550 2650 1865 2731 Primum
1886 2683 2185 2746 namque
2208 2672 2317 2728 est
2342 2662 2527 2747 quod
2554 2682 2741 2745 pon·

827 2766 1050 2830 tifices
1099 2765 1320 2829 nostri
1367 2783 1451 2828 ae
1499 2765 1899 2849 peritissimi
1951 2756 2208 2849 quique
2262 2764 2337 2828 in
2380 2764 2579 2829 nobis
2625 2764 2741 2828 di·—

827 2873 998 2931 cunt
1035 2867 1218 2949 quod
1268 2872 1517 2930 contra
1558 2884 1857 2930 canones
1901 2872 1973 2930 et
2016 2864 2402 2947 apostolica
2441 2871 2743 2945 statuta,

827 2986 986 3049 quae
1029 2967 1228 3031 nobis
1275 2986 1319 3031 a
1361 2974 1561 3050 patre
1588 2967 1987 3031 beatissimo
2017 2963 2360 3047 Gregorio
2392 2965 2745 3047 dirigente

825 3075 1096 3133 statuta
1121 3074 1310 3146 sunt,
1349 3067 1531 3131 sicut
1557 3087 1683 3132 vos
1728 3066 1949 3145 scitis,
1977 3066 2356 3132 auctoritas
2385 3066 2746 3131 Dorover-

828 3168 1062 3233 nensis
1104 3167 1621 3251 metropolitani
1645 3168 1720 3231 in
1746 3168 1923 3232 duas
1964 3167 2323 3231 scindatur
2346 3166 2744 3250 parochias,

827 3268 1026 3353 cujus
1074 3268 1348 3355 (eodem
1391 3274 1592 3351 patre
1634 3264 2045 3353 mandante)
2088 3267 2335 3332 ditioni
2376 3267 2744 3351 subjacere

825 3369 1081 3433 debent
1105 3368 1410 3453 episcopi
1436 3368 1820 3447 duodecim,
1852 3370 2033 3434 sicut
2060 3388 2187 3452 per
2218 3368 2547 3433 ecclesias
2574 3388 2742 3433 nos-

826 3476 974 3534 tras
1014 3470 1268 3551 legitur
1309 3470 1384 3533 in
1427 3469 1724 3552 epistola
1750 3488 1961 3552 quam
1988 3469 2190 3534 fratri
2218 3476 2290 3533 et
2322 3469 2740 3553 coepiscopo

827 3568 1227 3653 Augustino
1256 3570 1513 3635 direxit
1544 3571 1629 3635 de
1656 3570 1923 3635 duobus
1955 3570 2336 3635 Londoniae
2367 3576 2441 3633 et
2466 3570 2739 3635 Ebora-

826 3690 928 3735 cae
986 3670 1386 3753 metropolis
1428 3671 1796 3754 episcopis,
1840 3689 2051 3754 quam
2101 3672 2313 3735 etiam
2370 3671 2559 3753 apud
2610 3690 2739 3737 vos

826 3771 1065 3836 haberi
1104 3791 1244 3835 non
1271 3771 1689 3836 dubitamus·
1792 3771 1929 3836 Sed
1953 3773 2104 3856 ipse
2132 3772 2429 3854 primum
2456 3770 2740 3855 pontifi-

827 3872 998 3936 calis
1041 3893 1249 3956 apex,
1281 3872 1402 3955 qui
1445 3880 1612 3937 tunc
1645 3871 2026 3937 Londoniae
2070 3873 2201 3937 sub
2225 3872 2485 3937 honore
2528 3880 2601 3937 et
2630 3894 2743 3939 or·

827 3980 1154 4037 namento
1205 3972 1402 4055 pallii
1447 3972 1677 4038 fuerat
1721 3975 2178 4057 conscriptus»,
2224 3993 2350 4056 pro
2390 3993 2476 4038 eo
2501 3974 2739 4039 Doro-

827 4074 1149 4139 vernensi
1215 4073 1490 4137 oblatus
1550 4080 1681 4153 est,
1739 4080 1949 4157 atque
2022 4093 2415 4139 concessus,
2546 4072 2741 4139 Nam

1111 4313 1126 4345 ¹
1153 4317 1438 4367 ‘Secundum
1459 4316 1585 4367 illud
1607 4315 1879 4381 Ezechiae]
1913 4316 2086 4368 Isaiah
2113 4329 2347 4368 xxxvm.
2372 4320 2453 4371 19.
