3023 5045
282 478 392 526 mn.
421 463 528 544 11.]
698 479 927 528 essu
975 479 1230 528 Restm
1278 479 1710 529 ANcLoRUM.
2014 466 2149 531 169

281 637 786 703 Sumersetensis
835 639 1000 722 pagi
1035 659 1292 716 comeS,
1327 632 1435 702 ¹in
1465 639 1618 723 ejus
1652 641 2147 705 contumeliam

281 739 612 822 conjurati,
634 759 852 821 regno
881 759 1038 803 eum
1067 740 1480 822 proturbare
1516 741 1958 821 nitebantur3
1994 742 2144 820 sed,

61 821 63 853 ³
169 900 178 908 ,
278 841 603 904 maturiori
652 838 1002 904 mediante
1051 840 1368 917 consilio,
1431 859 1723 921 regnum
1773 841 1957 904 inter
2016 861 2144 925 pa-

276 945 504 1002 rentem
533 948 605 1004 et
631 940 898 1023 prolem
943 940 1268 1004 divisum.
1375 939 1484 1023 Inj
1494 947 1656 1004 usta
1706 959 1792 1003 ea
1820 939 1955 1004 fuit
1981 960 2144 1024 par-

275 1039 427 1103 titio.
523 1036 726 1104 Adeo
757 1040 1160 1122 malignitas
1199 1040 1599 1103 obtinuerat
1641 1047 1721 1103 ut
1762 1059 1927 1123 pars
1958 1043 2141 1106 occi-

275 1137 536 1203 dentalis
566 1140 813 1204 melior
847 1140 1016 1218 filio,
1051 1140 1352 1204 deterior
1381 1139 1741 1204 orientalis
1771 1141 1980 1222 patri,
2016 1141 2140 1206 da-

271 1245 452 1302 retur.
593 1241 1070 1305 Veruntamen
1145 1240 1264 1304 ille
1329 1238 1717 1303 incredibili
1774 1240 2141 1306 clementia

272 1334 648 1423 (plusquam
709 1340 916 1404 civile
965 1341 1224 1404 bellum
1268 1337 1683 1423 formidans)
1730 1341 2139 1423 aequanimi-

271 1443 360 1500 ter
387 1439 521 1505 filio
559 1441 811 1520 cessit3
853 1441 1337 1522 provinciales,
1374 1441 1495 1522 qui
1530 1439 1941 1521 dignitatem
1988 1441 2139 1525 ejus

207 1523 215 1532 ’
269 1541 572 1605 asserturi
633 1548 1127 1619 convenerant,
1187 1541 1330 1604 leni
1396 1540 1713 1603 oratione
1785 1539 2139 1606 cohibens,

269 1636 387 1716 Ita,
413 1642 729 1723 quamvis
777 1640 998 1704 omnis
1043 1640 1521 1705 controversia
1568 1659 1695 1722 pro
1750 1639 2141 1721 alienigena

267 1757 458 1803 uxore
512 1741 748 1818 fuerit,
806 1759 1062 1823 magna
1113 1740 1306 1804 illam
1373 1739 1773 1821 dignatione
1830 1739 2139 1804 habitam

263 1837 482 1918 throno
505 1842 743 1919 etiam,
772 1848 1014 1905 contra
1035 1861 1296 1905 morem
1317 1839 1942 1917 west-Saxonum,
1967 1840 2138 1924 jux-

263 1944 326 2002 ta
364 1959 432 2003 se
480 1941 802 2021 locabat;
851 1960 991 2005 non
1025 1941 1208 2004 enim
1237 1935 1795 2006 west-Saxones
1822 1941 2137 2022 reginam

260 2039 355 2101 vel
385 2039 598 2124 juxta
646 2062 882 2124 regem
925 2041 1189 2119 sedere,
1222 2040 1336 2106 vel
1363 2041 1625 2122 reginae
1670 2040 2139 2122 appellatione

259 2137 576 2222 insigniri,
627 2143 1011 2225 patiuntur,
1043 2135 1068 2172 ²
1081 2148 1366 2224 propter
1416 2139 1755 2203 malitiam
1788 2139 2135 2224 Edburgae
2162 2161 2362 2253 ffiffi'
2389 2165 2439 2206 or

2162 2264 2271 2304 A.D.
2290 2265 2415 2304 787-

258 2238 398 2304 filiae
429 2241 606 2306 offoe
638 2241 830 2324 regis
844 2241 1286 2306 Merciorum.
1365 2241 1494 2318 Ea,
1525 2234 1631 2305 ³ut
1663 2240 2136 2324 praediximus„

257 2337 587 2407 Brihtrico
637 2343 788 2424 regi
821 2341 1420 2408 west-Saxonum
1469 2348 1713 2424 nupta,
1762 2341 2138 2423 benignum

256 2437 356 2525 (ut
384 2439 612 2529 aiunt)
644 2443 870 2509 virum
915 2443 988 2506 in
1029 2442 1402 2527 perniciem
1438 2441 1793 2505 insontum
1837 2460 2136 2525 nequam

255 2543 538 2607 consiliis
573 2563 886 2624 armare3
935 2563 1108 2627 quos
1138 2563 1305 2607 vero
1330 2542 1734 2606 insimulare
1777 2543 2134 2624 nequibat,

253 2644 630 2722 potionibus
693 2645 926 2708 noxiis
993 2644 1426 2727 intercipere.
1550 2641 1998 2725 Compertum
2062 2642 2136 2706 in

252 2744 530 2823 quodam
594 2744 1114 2809 adolescentulo
1182 2744 1332 2826 regi
1393 2742 1867 2820 dilectissimo,
1930 2761 2135 2826 quem

248 2840 354 2927 illa
385 2865 656 2909 veneno
684 2845 1006 2925 sustulit3
1051 2843 1549 2926 confestimque
1584 2841 1971 2907 Brihtricus
2015 2842 2134 2906 de·

248 2946 487 3024 cubuit,
519 2953 593 3010 et
622 2944 941 3023 decessit,
977 2944 1162 3029 quod
1201 2964 1292 3009 ex
1332 2951 1505 3027 potu
1548 2944 1699 3007 sine
1734 2944 1993 3025 reginae
2027 2944 2133 3006 ni-

246 3044 472 3110 mirum
507 3046 936 3110 conscientia
969 3050 1549 3128 praegustaverat.
1654 3043 1934 3106 Effusus
1965 3062 2133 3125 ergo

246 3162 463 3210 rumor
508 3148 585 3210 in
629 3146 883 3227 vulgus
930 3145 1308 3210 veneficam
1358 3164 1575 3226 regno
1623 3142 1957 3207 excedere
2015 3162 2131 3207 co-

245 3246 392 3325 egit.
495 3247 663 3323 Illa,
695 3246 784 3309 ad
819 3245 1161 3310 Karolum
1190 3250 1519 3326 magnum
1572 3243 1905 3326 profecta,
1954 3242 2133 3308 forte

243 3363 380 3408 cum
413 3366 554 3411 uno
585 3345 885 3410 filiorum
916 3352 1218 3410 stantem
1244 3346 1513 3409 invenit
1540 3364 1556 3423 ;
1594 3343 1847 3407 oblatis
1880 3344 2131 3423 xeniiS,

241 3443 629 3528 imperator,
678 3446 1098 3510 ludibundus
1135 3452 1204 3509 et
1244 3445 1390 3529 joci
1435 3445 1705 3527 plenUS,
1736 3462 1889 3507 eam
1928 3462 2132 3526 quem

241 3546 485 3625 mallet,
513 3547 635 3611 vel
669 3566 744 3610 se
774 3547 890 3610 vel
918 3546 1160 3623 filium,
1194 3545 1449 3626 eligere
1492 3544 1847 3627 praecepit.
1950 3542 2133 3606 Tum

239 3643 582 3730 Edburga,
603 3647 919 3711 contuitu
928 3646 1168 3711 viridis
1192 3644 1746 3729 pulchritudinis,
1764 3642 2133 3725 ephoebum

2162 2315 2251 2354 802.

238 3744 548 3828 eligente,
585 3747 894 3811 Karolus
945 3746 1256 3811 nonnihil
1298 3753 1529 3809 motus
1569 3743 1960 3826 respondit:
2009 3747 2029 3777 ‘
2056 3743 2167 3806 Si‘

235 3864 333 3910 me
379 3849 742 3931 elegisses,
787 3848 1004 3911 filium
1057 3866 1287 3909 meum
1337 3845 1669 3924 haberes;
1756 3842 1903 3919 sed,
1966 3843 2132 3925 quia

236 3944 439 4011 filium
463 3969 700 4013 meum
746 3948 1044 4028 elegisti,
1082 3966 1207 4010 nec
1241 3965 1352 4008 me
1379 3964 1507 4009 nec
1553 3945 1749 4008 illum
1794 3942 2131 4006 habebis?

295 4116 312 4147 ¹
351 4120 410 4169 In
453 4120 562 4181 eius
614 4118 948 4167 contumeliam
990 4117 1151 4179 conju·
1235 4134 1238 4137 ⁴
1269 4112 1292 4145 ⁹
1307 4116 1523 4179 Propter
1556 4113 1798 4163 malitiam
1836 4113 2131 4176 Edburgae.]

229 4190 363 4253 rati]
396 4192 651 4252 compare
673 4190 757 4237 the
783 4186 946 4237 whole
969 4188 1026 4237 of
1049 4188 1150 4236 this
1199 4187 1359 4235 Asser
1380 4186 1565 4235 affirma
1588 4185 1699 4233 that
1726 4184 1829 4233 this
1861 4189 1999 4245 story
2020 4198 2132 4232 was

230 4261 404 4309 section
426 4262 559 4309 with
588 4260 792 4308 Asser's
821 4259 934 4308 Life
957 4259 1015 4308 of
1029 4260 1152 4307 Ael-
1200 4257 1397 4306 related
1419 4261 1470 4305 to
1492 4256 1597 4303 him
1618 4256 1688 4317 by
1710 4254 1935 4304 Aelfred.

225 4327 342 4394 fred,
363 4332 530 4382 under
551 4330 640 4379 the
663 4344 786 4391 year
809 4334 922 4380 855.
1275 4325 1296 4355 ³
1326 4327 1396 4375 Ut
1415 4326 1785 4389 praediximus.]
1820 4326 1847 4388 ς
1871 4328 1954 4387 43,
1970 4339 2023 4385 p.
2046 4327 2130 4373 59.
