3023 5045
283 481 417 527 mn.
452 462 567 543 11.]
720 479 949 527 csss'rA
994 480 1249 529 REGUM
1299 480 1731 529 Anononuu.
2057 465 2188 531 251

390 640 426 723 ξ
456 640 607 703 155.
658 638 901 723 Hujus
952 638 1261 704 vaticinii
1294 640 1660 704 veritatem
1703 638 1912 703 lectio
1958 646 2191 722 poste-
2215 662 2414 713 magar·-

286 740 428 803 rior
477 739 875 823 patefaciet.
974 738 1417 804 Considerari
1450 758 1617 821 ergo
1649 738 1853 802 debet
1882 742 2192 822 parentis
2214 714 2320 804 ἷῗεῖἶι
2336 714 2472 764 ‘'w''

288 846 361 903 et
404 841 619 923 prolis
653 840 1047 905 indubitata
1094 841 1455 917 sanctitaS,
1491 838 1679 922 quod
1733 840 1910 903 alter
1941 841 2194 905 viderit

290 942 595 1022 aenigma
621 940 925 1023 vigilans
964 941 1115 1005 sine
1163 940 1552 1017 obstaculo,
1588 945 1659 1003 et
1702 940 1926 1003 altera
1963 940 2192 1005 solve·

291 1040 386 1103 rit
432 1041 789 1123 problema
830 1040 919 1103 de
962 1040 1169 1123 longe
1207 1046 1528 1124 porrecto
1571 1038 1956 1123 prophetiae
2002 1034 2192 1105 ¹ocu-

292 1140 401 1221 lo;
436 1142 936 1222 sanctitatique
970 1159 1241 1204 morum
1270 1140 1825 1205 communicabat
1857 1142 2192 1205 severita-

292 1240 385 1304 tis
437 1241 847 1304 animositas
894 1233 917 1271 ²
930 1247 1011 1303 ut
1058 1240 1326 1305 nullum
1370 1240 1846 1324 cujuscunque
1889 1239 2194 1322 dignita-

294 1342 387 1404 tis
438 1340 784 1413 hominem
836 1340 1027 1423 leges
1080 1340 1357 1405 eludere
1413 1341 1694 1423 impune
1738 1341 2193 1423 permitteret.

296 1440 525 1505 Nemo
562 1440 715 1524 ejus
760 1447 1071 1523 tempore
1116 1440 1433 1524 privatus
1480 1440 1688 1517 latro,
1741 1459 1942 1503 nemo
1971 1459 2194 1524 popu-

289 1541 455 1605 laris
488 1541 752 1624 praedo,
800 1541 937 1604 nisi
982 1539 1105 1624 qui
1150 1540 1393 1604 mallet
1440 1541 1514 1603 in
1564 1538 1880 1604 fortunas
1931 1540 2196 1604 alienas

292 1642 599 1723 grassari
682 1641 981 1723 propriae
1056 1642 1223 1705 vitae
1305 1640 1690 1722 dispendio.
1829 1639 2198 1719 Quomodo

292 1743 478 1805 enim
528 1760 743 1805 ausus
774 1734 1161 1805 ³hominum
1208 1740 1620 1823 praeteriret,
1655 1739 1776 1823 qui
1809 1742 2018 1805 etiam
2048 1760 2196 1805 om-

296 1842 405 1904 nis
440 1841 717 1923 generis
763 1840 946 1905 seras
992 1841 1353 1923 sanguinis
1393 1841 1636 1905 avidas
1681 1860 1773 1905 ex
1810 1860 2027 1921 regno
2077 1860 2200 1905 ex-

294 1942 669 2005 terminare
700 1941 1065 2023 cogitaret,
1095 1941 1141 2005 J
1146 1942 1541 2023 udvaloque
1585 1940 1734 2023 regi
1767 1940 2202 2005 Walensium

294 2042 599 2105 edictum
648 2040 1056 2124 imposuerit
1104 2049 1185 2105 ut
1242 2041 1375 2106 sibi
1437 2042 1814 2123 quotannis
1869 2042 2204 2105 tributum

295 2148 761 2207 trecentorum
786 2142 1105 2225 luporum
1128 2142 1510 2224 pensitaret
1532 2161 1550 2221 ;
1581 2140 1765 2222 quod
1797 2160 1954 2205 cum
1985 2142 2206 2206 tribus

294 2243 499 2306 annis
544 2241 846 2320 fecisset,
890 2249 1140 2323 quarto
1182 2241 1473 2318 destitit,
1516 2241 1783 2305 nullum
1812 2260 1888 2305 se
1917 2242 2208 2309 ulterius

294 2361 501 2425 posse
529 2342 841 2407 invenire
867 2341 1247 2424 professus.

403 2442 619 2526 §156.
670 2441 1025 2506 Praeterea
1067 2442 1254 2520 licet,
1302 2449 1382 2505 ut
1427 2440 1671 2517 fertur,
1717 2447 2007 2505 staturae
2057 2439 2207 2505 sue-

297 2543 395 2606 rit
445 2550 519 2606 et
573 2543 1023 2626 corpulentiae
1068 2543 1420 2625 pereiniS,
1466 2548 1704 2606 tantas
1747 2543 1930 2606 vires
1972 2543 2045 2605 in
2087 2542 2209 2605 illo

294 2643 713 2726 corpusculo
760 2643 1075 2724 dignatio
1126 2651 1395 2714 naturae
1449 2642 1852 2719 incluserat,
1902 2649 1983 2707 ut
2023 2642 2212 2706 ultro

294 2744 387 2806 ad
432 2742 1014 2825 congrediendum
1054 2742 1432 2808 lacesceret
1471 2761 1951 2825 quemcunque
1994 2741 2211 2806 auda-

298 2863 449 2907 cem
484 2850 763 2922 nosset3
811 2842 941 2907 hoc
987 2843 1289 2908 maxime
1338 2844 1616 2920 timens,
1663 2861 1749 2905 ne
1794 2842 1869 2905 in
1914 2841 2043 2905 tali
2067 2843 2210 2906 col·

296 2943 491 3008 ludio
544 2944 925 3008 timeretur.
1028 2942 1351 3025 Denique
1396 2943 1471 3005 in
1520 2942 1819 3025 quodam
1866 2942 2210 3020 convivio,

306 3171 353 3218 G
369 3173 417 3218 2.
439 3185 454 3218 z
478 3167 655 3216 ‘Idem
674 3181 767 3215 rex
782 3165 1039 3228 Edgarus,
1058 3166 1241 3216 silvam
1290 3165 1417 3214 tatic
1455 3165 1693 3214 hominem
1735 3167 1867 3228 leges
1899 3167 2091 3216 eludere
2122 3165 2215 3215 im-

306 3239 569 3300 quandam
622 3238 885 3299 ingressus
940 3238 1107 3299 gratia
1156 3251 1243 3286 ve·
1284 3250 1415 3298 pune
1432 3235 1788 3298 permitteret.]
1813 3235 2063 3298 Eadgar's
2082 3237 2214 3286 laws

304 3309 484 3372 nandi,
505 3307 634 3356 forte
656 3321 830 3356 vocem
852 3307 1104 3369 vagientis
1126 3321 1244 3367 par·
1290 3305 1367 3353 for
1401 3305 1486 3354 the
1522 3305 1846 3366 punishment
1878 3307 1937 3355 of
1966 3307 2218 3357 offenders

306 3381 418 3428 vuli
484 3377 859 3439 depraehendit.
963 3377 1071 3428 Qui
1124 3377 1244 3424 dili·
1290 3389 1427 3424 were
1449 3375 1674 3436 horribly
1692 3390 1886 3427 severe.
1953 3377 2061 3426 The
2094 3392 2215 3438 eyes

312 3453 491 3511 genter
507 3462 616 3497 rem
637 3447 760 3496 fecit
784 3447 997 3508 inquiri.
1064 3447 1135 3494 Et
1154 3447 1244 3496 de·
1291 3459 1428 3494 were
1461 3449 1557 3506 put
1595 3450 1704 3508 out,
1734 3447 1938 3495 nostrils
1970 3448 2075 3509 slit‚
2101 3463 2216 3497 ears

308 3534 451 3567 mum
505 3519 562 3566 in
617 3517 907 3566 summitate
973 3517 1242 3580 cujusdam
1290 3520 1403 3564 torn
1434 3515 1523 3575 off,
1558 3515 1722 3565 hands
1757 3517 1858 3564 and
1897 3517 1999 3566 feet
2021 3521 2108 3565 cut
2129 3518 2219 3579 off,

308 3589 531 3650 arboris,
558 3587 612 3635 in
633 3587 754 3635 nido
778 3588 987 3650 aquilae,
1008 3588 1243 3635 inventus
1292 3585 1395 3634 and
1433 3585 1628 3648 finally,
1649 3585 1780 3634 after
1813 3586 1899 3636 the
1937 3588 2079 3648 sealp
2112 3587 2216 3636 had

309 3663 392 3708 est
411 3657 663 3721 puerulus
684 3657 859 3707 formae
878 3657 1145 3720 elegantis,
1158 3671 1245 3719 ge·
1291 3657 1419 3706 been
1453 3653 1586 3704 ⁴torn
1655 3656 1742 3718 off,
1809 3657 1896 3705 the
1949 3658 2217 3707 miserable

306 3731 462 3778 minis
496 3727 710 3778 armillis
732 3728 786 3776 in
806 3727 1031 3776 brachiis
1054 3731 1107 3775 et
1127 3727 1245 3776 aliis
1293 3726 1544 3775 wretches
1582 3739 1718 3774 were
1763 3725 1857 3774 left
1897 3727 2122 3788 exposed
2165 3732 2218 3776 to

307 3798 782 3860 omamentisregiis
794 3797 1247 3860 insignitus,quasi
1294 3797 1436 3845 birds
1457 3811 1516 3844 or
1534 3797 1705 3845 beasts
1718 3795 1778 3844 of
1792 3811 1936 3858 prey.
2007 3796 2074 3846 V.
2085 3798 2221 3846 Acta

306 3870 363 3918 in
401 3870 608 3932 signum
640 3881 851 3917 summae
883 3868 1245 3931 ingenuitatis;
1296 3866 1387 3916 SS.
1430 3866 1544 3916 Jul.
1581 3871 1632 3928 2,
1677 3867 1732 3914 in
1767 3866 1890 3915 Vita
1931 3867 2219 3928 Swythuni.

310 3955 466 4001 quem
497 3953 590 3988 rex
613 3937 889 4002 diligenter
908 3938 1173 4000 nutritum,
1196 3942 1248 3986 et
1297 3934 1538 4003 (Sharpe,
1560 3932 1702 4002 183.)
1741 3936 1836 3986 See
1858 3951 1994 3986 some
2015 3937 2074 3986 of
2083 3938 2221 3986 Ead-

309 4023 509 4060 summo
544 4007 716 4058 studio
738 4007 1014 4072 eruditum,
1040 4008 1246 4057 tandem
1298 4006 1433 4069 gar’s
1466 4007 1645 4070 Laws,
1674 4007 1867 4056 Decem
1901 4007 2085 4069 Script.
2118 4009 2221 4058 vol.

310 4079 549 4142 provexit
570 4078 625 4126 in
646 4077 917 4128 comitem!
1298 4090 1337 4127 1.
1360 4076 1457 4126 col.
1480 4081 1596 4126 8⁷1.

384 4148 400 4178 ¹
442 4145 639 4208 Oetam]
697 4149 757 4216 G.
794 4148 865 4198 D.
901 4149 970 4198 E.
1005 4147 1107 4209 L.;
1136 4161 1244 4196 ora·

314 4222 455 4280 culo,
477 4218 546 4268 A.
571 4218 631 4268 S.
1367 4213 1390 4246 ⁸
1413 4216 1728 4280 Hominum]
1752 4215 1820 4267 A.
1845 4218 1904 4269 S.
1932 4219 1993 4269 C.
2017 4217 2087 4269 D.
2110 4219 2161 4266 Ε
2173 4223 2223 4269 2.

384 4289 405 4320 ²
434 4291 507 4340 Ut
530 4289 718 4339 stu-llum
738 4288 1059 4352 cuiuscunque
1080 4287 1248 4350 digni·
1298 4287 1361 4337 L.
1382 4303 1397 4348 ς
1430 4287 1638 4337 omitted
1660 4288 1714 4336 in
1736 4287 1802 4338 E.
1905 4360 1912 4366 .
2173 4329 2176 4333 .
