3023 5045
833 453 928 531 84
1287 474 1517 525 oss‘rA
1564 473 1819 525 uncum
1867 471 2291 524 Anonolwn.
2486 458 2659 540 [mn.
2694 474 2744 521 1.

518 660 710 702 Aeeount
725 657 775 698 or
842 635 994 694 toto
1021 623 1383 691 cohorreat
1409 643 1723 709 corpore.
1824 623 2083 690 Nullus
2114 624 2305 690 intra
2344 621 2749 706 contiguum

519 709 820 758 ‘'mmm'‘
841 726 1252 792 cimiterium
1322 726 1436 791 vel
1509 744 1713 791 avem
1775 724 2205 792 venatoriam
2265 724 2575 800 advexit,
2636 722 2751 787 vel

843 825 1324 911 quadrupedes
1379 823 1681 902 induxit,
1739 825 1861 908 qui
1932 825 2043 888 sui
2097 823 2211 890 vel
2252 823 2355 890 rei
2409 841 2751 907 possessae

843 925 1240 1009 indempnis
1271 924 1543 989 abierit.
1646 917 1667 958 ¹
1686 924 1903 989 Ferro
1926 925 2039 989 vel
2074 941 2261 1008 aqua
2285 922 2755 999 examinandi,

846 1027 909 1094 si
955 1026 1338 1090 orationem
1388 1023 1484 1089 ibi
1532 1023 2024 1107 deposuerunt,
2064 1043 2302 1090 omnes
2346 1035 2524 1107 quos
2570 1041 2754 1105 prae-

847 1143 1012 1192 sens
1053 1124 1384 1191 memoria
1429 1123 1935 1206 complectitur,
1978 1143 2121 1188 uno
2165 1130 2485 1207 excepto,
2510 1122 2599 1187 de
2642 1139 2755 1186 sa·

849 1225 998 1290 lute
1039 1243 1169 1288 sua
1207 1223 1697 1307 tripudiarunt.
1798 1223 1874 1288 Si
1927 1224 2083 1306 quis
2129 1243 2172 1288 e
2196 1223 2425 1288 vicino
2474 1221 2757 1304 aliquod

853 1323 1216 1388 'aedificium
1243 1323 1615 1387 locandum
1640 1328 1981 1406 putasset,
2009 1323 2193 1407 quod
2234 1323 2759 1388 obumbratione

853 1443 983 1488 sua
1008 1424 1232 1488 lucem
1273 1422 1614 1487 invideret
1652 1422 1987 1500 ecclesiae,
2013 1421 2243 1506 patuit
2282 1422 2527 1488 ruinae.
2628 1421 2759 1484 Sa—

854 1524 1086 1606 tisque
1143 1529 1418 1587 constat
1464 1521 1775 1588 homines
1826 1522 2015 1587 illius
2066 1521 2440 1606 provinciae
2496 1521 2765 1586 nullum

854 1623 1168 1688 sanctius
1195 1622 1311 1688 vel
1357 1622 1663 1686 crebrius
1705 1621 2179 1705 juramentum
2222 1621 2499 1700 habere,
2550 1640 2763 1704 quam

859 1743 981 1806 per
1033 1729 1338 1788 veterem
1415 1721 1831 1802 ecclesiam;
1907 1721 2081 1786 nihil
2143 1722 2367 1804 magis
2432 1721 2764 1798 vitantes,

857 1829 1048 1886 metu
1076 1822 1318 1885 celeris
1342 1821 1695 1899 vindictae,
1728 1841 1937 1904 quam
1962 1822 2299 1906 pejerare.
2374 1819 2764 1886 Labantem

859 1921 1224 1987 veritatem
1269 1920 1610 1986 dictorum
1671 1940 1829 2003 quae
1878 1921 2389 2004 proposuimus,
2443 1921 2519 1985 in
2585 1920 2763 1985 libro

859 2040 1067 2104 quem
1091 2020 1178 2084 de
1209 2021 1629 2103 antiquitate
1660 2020 1967 2105 ejusdem
1997 2020 2307 2086 ecclesiae
2336 2019 2764 2103 scripsimus,

862 2140 990 2203 pro
1019 2139 1345 2185 successu
1373 2139 1737 2198 annorum,
1768 2121 2181 2186 testimoniis
2212 2120 2591 2185 fulciemus.

909 2253 916 2260 ·
969 2219 1149 2304 §21.
1195 2218 1509 2283 Interim
1564 2220 1799 2303 palam
1857 2220 2117 2284 factum
2166 2228 2275 2286 est
2324 2221 2571 2286 merito
2628 2218 2771 2283 dici

861 2320 1152 2383 coeleste
1198 2318 1272 2382 in
1307 2320 1513 2383 terris
1558 2319 2029 2386 sanctuarium
2070 2327 2179 2386 tot
2218 2327 2617 2386 sanctorum
2658 2338 2769 2382 re-

865 2418 1344 2484 conditorium.
1494 2417 1853 2497 Quantum
1924 2439 2093 2484 vero
2162 2420 2225 2484 is
2294 2421 2489 2485 locus
2559 2418 2773 2483 fuerit

866 2519 1078 2584 etiam
1131 2517 1541 2603 primatibus
1592 2520 1838 2603 patriae
1885 2520 2323 2599 venerabiIiS,
2376 2526 2456 2585 ut
2503 2517 2601 2583 ibi
2643 2539 2772 2603 po·

866 2619 1208 2683 tissimum
1239 2619 1371 2682 sub
1387 2620 1817 2701 protectione
1839 2620 1976 2685 Dei
1998 2620 2351 2701 genitricis
2368 2620 2771 2704 opperiren-

865 2726 983 2782 tur
1029 2718 1210 2781 diem
1259 2718 1802 2797 resurrectionis,
1855 2720 2061 2802 plura
2115 2727 2281 2785 sunt
2333 2719 2775 2797 documenta,

869 2818 1118 2899 quibus
1147 2836 1274 2899 pro
1303 2817 1579 2882 cautela
1612 2817 1874 2883 fastidii
1914 2819 2253 2885 abstineo.
2356 2818 2542 2883 Illud
2583 2818 2774 2901 quod

869 2936 1048 3000 pene
1095 2916 1274 2981 clam
1325 2916 1646 2982 omnibus
1700 2925 1807 2983 est
1852 2918 2148 2985 libenter
2197 2917 2668 3002 praedicarem,
2714 2919 2778 2984 si

869 3016 1233 3081 veritatem
1261 3017 1633 3099 exculpere
1674 3018 1973 3101 possem,
2002 3018 2167 3102 quid
2211 3018 2353 3083 illae
2377 3017 2776 3102 pyramides

873 3116 1006 3180 sibi
1055 3116 1296 3192 velint,
1347 3135 1532 3198 quae,
1571 3117 1944 3200 aliquantis
1990 3118 2278 3201 pedibus
2336 3118 2425 3182 ab
2482 3118 2781 3181 ecclesia

872 3214 994 3279 illa
1037 3214 1310 3298 positae,
1361 3216 1768 3281 cimiterium
1813 3216 2305 3282 monachorum
2351 3224 2781 3301 praetexunt.

876 3312 1240 3378 Procerior
1296 3333 1487 3393 sane,
1549 3323 1620 3380 et
1673 3314 2127 3400 propinquior
2176 3317 2509 3394 ecclesiae,
2566 3314 2786 3381 habet

876 3414 1180 3497 quinque
1211 3414 1590 3492 tabulatus,
1622 3422 1691 3480 et
1724 3416 2160 3480 altitudinem
2186 3416 2435 3498 viginti
2461 3422 2625 3481 octo
2658 3436 2785 3500 pe·-

874 3512 1083 3578 dumt
1130 3512 1303 3590 haec,
1336 3533 1482 3596 pree
1531 3513 1743 3580 nimia
1788 3514 1899 3579 sui
1925 3522 2275 3581 vetustate
2320 3513 2452 3581 etsi
2506 3514 2789 3581 ruinam

871 3611 1200 3690 minetur,
1229 3611 1441 3678 habet
1469 3619 1703 3678 tamen
1736 3614 2171 3699 antiquitatis
2207 3616 2545 3681 nonnulla
2582 3634 2788 3698 spec-

877 3711 1135 3789 tacula,
1188 3729 1345 3794 quae
1394 3712 1602 3795 plane
1652 3721 1947 3796 possunt
1991 3714 2155 3797 legi,
2192 3712 2358 3780 licet
2396 3734 2535 3780 non
2578 3714 2793 3798 plene

878 3810 1148 3893 possint
1172 3810 1491 3893 intelligi.
1598 3812 1686 3875 In
1714 3814 2053 3896 superiori
2092 3813 2276 3880 enim
2312 3815 2638 3880 tabulatu
2684 3824 2797 3882 est

877 3909 1109 3993 imago
1157 3908 1539 3993 pontificali
1604 3911 1953 3977 schemate
2008 3913 2216 3978 sacta.
2322 3913 2413 3978 In
2480 3916 2797 3980 secundo

950 4182 968 4216 ¹
995 4186 1149 4235 Ferro
1185 4188 1262 4235 vel
1291 4203 1416 4249 aqua
1449 4189 1805 4253 emminandi]
1877 4190 2180 4251 solemnity3
2232 4186 2319 4236 the
2362 4186 2517 4237 ritual
2560 4200 2689 4250 may
2732 4188 2801 4239 be

878 4255 1004 4305 This
1038 4255 1213 4305 ordeal
1245 4272 1354 4307 was
1376 4273 1409 4306 a
1429 4258 1547 4308 trial
1579 4258 1638 4308 of
1666 4264 1809 4321 great
1878 4274 1998 4309 seen
2018 4260 2071 4309 in
2091 4258 2347 4322 Spelman‚
2368 4272 2478 4307 voce
2500 4256 2803 4313 ordalium.
