3023 5045
264 518 401 569 Lm.
436 507 551 588 11·.]
712 525 939 573 cns‘rA
988 527 1242 575 REGUM
1292 530 1719 579 ANcLoRuM.
2035 518 2160 583 ‘241

260 685 435 759 tum,
512 684 701 748 velut
774 684 1225 752 fundamenta
1302 690 1663 770 montium,
1737 690 2166 769 inconvulsis

257 779 703 862 ligaminibus
764 785 906 849 fixa
970 788 1134 866 sint,
1210 794 1443 853 tamen
1510 790 1914 874 plerumque
1986 800 2162 856 tem-

255 883 645 961 pestatibus
678 892 748 948 et
777 886 1169 951 turbinibus
1214 888 1628 954 secularium
1658 912 1887 956 rerum
1919 892 2163 975 religio

252 1102 529 1164 quispiam,
556 1104 639 1151 vel
684 1108 941 1154 extremus
974 1118 1183 1167 congre-
1234 1104 1466 1153 Eundem
1506 1120 1710 1166 quoque
1741 1106 1925 1156 lituum
1953 1121 2070 1155 mox
2104 1107 2158 1156 in

254 1173 493 1234 gationis,
516 1174 595 1222 illi
614 1173 777 1223 officio
797 1178 949 1237 aptus
971 1176 1181 1237 reperiri
1230 1175 1313 1223 sui
1336 1175 1610 1236 praesentia
1631 1176 1754 1225 fecit
1765 1176 1928 1225 secari
1949 1192 2042 1237 per
2053 1192 2155 1227 me-

250 1244 492 1301 potuerit.
562 1244 830 1293 Monachis
852 1245 1027 1305 itaque
1049 1245 1181 1295 elec·
1228 1242 1389 1305 dium,
1410 1260 1473 1294 ne
1510 1260 1628 1293 eum
1665 1248 1904 1306 cuiquam
1926 1246 2048 1295 dare
2071 1248 2152 1297 vel

250 1311 438 1360 tionem
474 1314 555 1361 sui
586 1315 787 1363 abbatis
807 1318 1053 1375 perpetuo
1074 1329 1180 1364 ma·
1226 1313 1443 1364 vendere
1474 1319 1649 1376 posset
1667 1316 1882 1376 quilibet
1911 1317 2151 1367 abbatum

248 1396 372 1431 nere
409 1384 635 1443 censuit3
670 1384 770 1433 sibi
790 1399 929 1447 vero,
967 1385 1177 1446 suisque
1224 1386 1566 1447 sequentium,
1608 1386 1914 1447 praecipiens
1957 1391 2150 1448 partem

250 1450 563 1515 haeredibus,
574 1455 831 1503 tribuendi
852 1455 996 1503 fratri
1018 1454 1178 1505 electo
1223 1454 1365 1504 illius
1387 1456 1579 1504 servari
1593 1456 1647 1503 in
1666 1455 1782 1505 loca
1797 1457 1864 1506 ad
1870 1457 1980 1518 jam
1996 1456 2148 1507 dictae

248 1524 556 1581 pastoralem
593 1524 834 1573 baculum
877 1529 1177 1586 potestatem
1224 1523 1509 1575 donationis
1541 1540 1760 1586 perenne
1789 1527 2146 1578 testimonium.

248 1592 476 1672 retinuit.
550 1594 731 1643 Sanxit
763 1596 935 1656 etiam,
973 1600 1033 1643 ut
1054 1610 1177 1657 quo·
1224 1593 1532 1657 Recogitans
1553 1610 1672 1645 vero
1693 1611 1846 1657 quam
1883 1596 2045 1645 multa
2073 1601 2147 1647 te-

246 1661 383 1711 tiens
405 1665 563 1713 abbas
583 1664 685 1713 loci
704 1666 786 1713 vel
819 1665 1051 1713 monachi
1082 1666 1177 1714 ali·
1222 1666 1429 1714 meritas
1471 1665 1708 1715 humanae
1751 1666 1992 1727 levitatis,
2033 1669 2144 1727 qui-

246 1746 380 1791 quos
402 1748 607 1783 suorum
630 1736 790 1784 sacris
812 1735 1113 1784 ordinibus
1098 1752 1172 1785 m·
1221 1734 1419 1796 busque
1434 1736 1562 1784 solet
1575 1750 1855 1798 surrepere,
1864 1751 2144 1798 verensque

240 1801 425 1864 signiri
443 1803 787 1864 decernerent,
807 1819 839 1853 a
870 1820 1173 1866 quocunque
1219 1818 1283 1851 ne
1328 1805 1486 1859 forte
1493 1792 1612 1866 quis
1655 1805 1709 1854 in
1763 1810 2018 1868 posterum
2061 1808 2146 1856 vel

244 1874 527 1955 praesulum
573 1876 814 1924 canonice
867 1875 1173 1937 ordinatum,
1218 1873 1331 1923 haec
1366 1874 1638 1938 privilegia
1669 1875 1780 1925 loco
1811 1876 1888 1925 illi
1925 1876 2143 1960 auferre,

240 1949 335 1992 aut
375 1944 429 1992 in
459 1944 601 1993 illius
634 1945 755 1994 sede
790 1950 882 1993 aut
912 1946 965 1993 in
994 1945 1171 1995 eodem
1217 1944 1300 1993 vel
1320 1945 1592 1995 monachos
1625 1946 1744 1994 inde
1773 1946 2032 1995 moliretur
2051 1949 2144 2009 eji-

239 2018 437 2063 sanctae
476 2015 659 2063 Mariae
683 2014 1031 2077 Glestingensi
1067 2030 1170 2065 mo·
1218 2028 1353 2076 cere,
1423 2016 1600 2064 inclito
1663 2016 1866 2064 domino
1918 2016 2158 2083 Johanni¹

235 2084 463 2133 nasterio
484 2089 586 2133 tam
606 2084 877 2133 monachos
894 2100 1046 2146 quam
1068 2086 1169 2135 cle·
1214 2097 1384 2147 papae,
1443 2086 1534 2146 qui
1577 2085 1861 2136 Octaviano
1909 2086 1961 2135 ιιι
2005 2089 2139 2149 regi-

236 2168 346 2216 ros,
378 2168 506 2216 quos
542 2155 751 2203 idoneos
776 2154 1070 2225 judicarent
1099 2156 1167 2205 ad
1214 2155 1364 2204 minis
1386 2155 1572 2204 honore
1595 2159 1929 2216 successerat,
1951 2156 2140 2206 direxit

235 2224 447 2273 titulum
486 2229 676 2274 sanctae
706 2225 891 2274 Mariae
924 2224 1166 2289 ordinari,
1211 2222 1348 2272 idem
1368 2225 1758 2287 chirographum
1779 2226 1934 2289 regiae
1956 2226 2140 2276 libera-

237 2292 486 2345 facerent.
559 2293 825 2345 concessit
844 2295 997 2344 etiam
1018 2300 1077 2345 ut
1098 2298 1166 2345 si·
1210 2292 1389 2357 litatis,
1410 2310 1560 2345 orans
1597 2300 1655 2344 ut
1685 2300 1738 2344 et
1771 2295 1882 2345 haec
1919 2297 2032 2357 ipse
2057 2312 2139 2346 ro-

234 2366 365 2413 cut
350 2379 462 2428 ipse
493 2364 546 2412 in
578 2366 801 2427 propria,
820 2366 894 2414 ita
913 2366 1068 2415 totius
1090 2366 1167 2415 in-
1211 2364 1412 2413 boi-aret
1444 2367 1634 2428 scripto
1667 2367 1982 2415 auctoritatis
2014 2382 2138 2427 apo-

236 2434 375 2483 sulae
399 2449 584 2485 causas
606 2436 657 2483 in
678 2435 911 2484 omnibus
943 2440 1046 2485 tam
1078 2451 1163 2486 ec·
1211 2435 1421 2485 stolicae.
1496 2436 1622 2497 Qui,
1653 2437 1868 2499 benigne
1891 2436 2134 2486 directam

232 2504 542 2554 clesiasticis
564 2520 716 2567 quam
739 2505 1055 2556 secularibus
1076 2521 1165 2556 ne·
1208 2506 1495 2567 stmeipiens
1535 2506 1856 2568 legationem,
1899 2508 2135 2558 concordi

233 2576 412 2638 gotiis,
447 2577 640 2637 absque
682 2577 842 2624 ullius
884 2577 1165 2628 contradic·
1208 2589 1421 2624 assensu
1456 2577 1670 2626 Romani
1707 2577 1909 2627 concilii
1938 2578 2134 2628 sancita

232 2646 374 2694 tione
395 2647 557 2695 abbas
582 2651 674 2696 aut
702 2651 978 2695 conventus
1012 2648 1164 2696 corri-
1210 2646 1275 2694 ab
1308 2646 1373 2694 iis
1408 2647 1625 2696 firmavit
1645 2647 1910 2696 scribendo
1931 2653 2134 2709 aposto—

231 2721 397 2777 geret.
470 2716 583 2766 Nec
615 2715 693 2764 illi
724 2716 924 2764 omnino
944 2717 1163 2766 insulam
1206 2715 1323 2764 licae
1357 2717 1674 2766 auctoritatis
1706 2719 2130 2798 praeceptionem3

227 2786 517 2836 nativitatis
570 2799 681 2835 suae
734 2786 1006 2848 consciam,
1054 2788 1163 2836 sive
1208 2785 1499 2834 terribiliter
1542 2787 1834 2848 intorquens
1877 2787 1932 2834 ιιι
1974 2788 2133 2838 viola-

227 2857 528 2919 episcopus,
570 2857 677 2905 sive
719 2856 849 2917 dux,
894 2859 987 2904 aut
1026 2858 1164 2917 prin·
1205 2859 1360 2917 tores,
1404 2857 1449 2905 si
1510 2857 1602 2916 qui
1645 2856 1773 2906 forte
1821 2859 2133 2920 emerserint,

231 2941 377 2990 ceps,
431 2931 524 2976 aut
566 2927 647 2988 cuj
655 2940 917 2986 uscunque
970 2925 1162 2976 ordinis
1208 2926 1443 2986 perpetui
1486 2925 1823 2976 anathematis
1867 2927 2129 2978 ultionem.

228 2997 389 3060 alius,
408 2997 607 3046 licitum
628 2996 758 3045 foret
775 2997 981 3056 intrare,
1003 3010 1162 3047 causa
1206 2994 1377 3056 Igitur
1402 2995 1592 3044 domini
1615 2996 1848 3056 praedicti
1863 2998 2130 3057 apostolici

228 3068 503 3129 quippiam
532 3063 755 3117 faciendi
791 3065 929 3126 quod
966 3069 1161 3116 contra·
1205 3064 1371 3112 eidem
1390 3066 1501 3115 loco
1517 3066 1764 3115 directum
1775 3070 2128 3116 testamentum

228 3138 365 3185 rium
386 3137 519 3186 inibi
538 3137 653 3184 Deo
674 3135 1011 3186 servientibus
1046 3149 1159 3186 esse
1205 3139 1434 3188 venustae
1476 3137 1840 3188 recordationis
1882 3151 1974 3186 rex
2019 3137 2130 3185 Ed-

224 3208 409 3268 possit,
432 3207 570 3255 sicut
590 3211 642 3254 et
659 3205 1059 3267 praedecessores
1076 3208 1159 3255 sui
1208 3218 1362 3265 gai-us
1416 3220 1572 3267 super
1625 3221 1766 3256 aram
1819 3207 2126 3258 beatissimas

222 3281 527 3338 sanxerunt,
570 3281 621 3326 et
661 3275 945 3337 privilegiis
978 3277 1153 3326 confir·
1204 3273 1305 3324 Dei
1347 3277 1606 3337 genitricis
1637 3276 1822 3325 Mariae
1852 3277 2028 3326 itidem
2061 3278 2130 3327 ad

224 3351 535 3407 maverunt3
588 3345 827 3395 videlicet
868 3345 1155 3408 Cenwines,
1204 3345 1498 3405 perpetuale
1521 3346 1692 3408 posuit
1722 3352 2128 3398 monumentum:

224 3416 365 3479 Ines,
431 3415 783 3478 Athenai-dus,
847 3414 1154 3478 Cuthredus‚
1194 3415 1383 3475 jubens
1442 3416 1714 3478 diligenter
1771 3418 2020 3466 asservari
2073 3418 2128 3468 in
2190 3422 2195 3427 “

226 3487 493 3546 Elfredus,
538 3486 846 3551 Edwardus,
900 3484 1153 3535 Ethelsta-
1202 3489 1457 3544 posterum
1478 3486 1547 3534 ad
1563 3487 1790 3535 notitiam
1815 3501 2130 3547 quorumque

223 3572 342 3619 nus,
365 3556 725 3617 Aedmundus,
760 3555 961 3604 omnino
984 3555 1152 3616 prohi-
1204 3557 1540 3616 sequentium.
1615 3556 1694 3604 Ea
1715 3557 1868 3606 etiam
1894 3560 2128 3618 utraque,

222 3628 353 3678 buit.
409 3626 515 3676 Ubi
535 3641 655 3688 ergo
676 3625 901 3688 generali
920 3639 1153 3686 assensu,
1203 3639 1265 3672 ne
1310 3625 1574 3675 videamur
1615 3627 1742 3674 talia
1785 3626 2128 3687 commentari,
2208 3629 2222 3640 '

222 3702 281 3746 ut
300 3698 503 3748 dictum
537 3701 633 3759 est,
652 3697 963 3757 pontificum,
998 3696 1151 3744 abba·
1202 3693 1283 3742 his
1316 3700 1516 3756 gratum
1552 3695 1825 3745 habuimus
1856 3696 2130 3745 subindere

220 3773 349 3831 tum,
370 3767 774 3829 optimatumque
794 3780 1019 3827 suorum,
1040 3766 1151 3814 haec
1203 3764 1447 3814 adversus
1470 3779 1558 3814 eos
1579 3765 1670 3826 qui
1697 3780 1797 3813 non
1818 3770 1877 3813 ut
1898 3769 2128 3826 pastores

218 3838 497 3900 privilegia
522 3836 636 3898 ipso
668 3838 780 3886 loco
802 3835 1027 3885 conferre
1049 3835 1153 3884 dis-
1203 3849 1294 3895 per
1316 3837 1500 3886 ostium
1540 3835 1746 3896 intrare,
1768 3835 1860 3884 sed
1894 3839 1954 3883 ut
1986 3834 2128 3884 fures

220 3909 417 3970 posuit,
460 3907 647 3956 lituum
699 3907 958 3968 proprium
1001 3907 1151 3954 ebore
1202 3909 1253 3952 et
1282 3905 1502 3954 latrones
1534 3905 1588 3954 in
1622 3904 1757 3956 idem
1779 3905 1911 3954 ovile
1934 3909 2128 3953 sanctas

219 3977 581 4028 decentissime
617 3977 904 4037 formatum,
924 3990 1151 4036 auroque
1204 3975 1387 4024 Μαι-ιω
1426 3975 1634 4026 aliunde
1672 3979 1910 4037 quaerunt
1943 3977 2130 4024 irrum-

220 4049 541 4104 decoratum,
578 4061 733 4108 super
764 4046 925 4096 altare
959 4049 1149 4095 sanctae
1200 4059 1337 4105 pere.

219 4119 324 4168 Dei
356 4116 621 4180 genitricis
651 4117 849 4178 posuit3
884 4117 1149 4177 ipsiusque
1270 4115 1287 4142 ‘
1316 4115 1351 4142 “
1373 4115 1588 4164 Noverit
1619 4119 1916 4164 cunctorum
1947 4114 2132 4162 notitia

217 4189 494 4238 donatione
516 4186 683 4235 eidem
714 4191 905 4238 sanctae
930 4185 1033 4235 Dei
1065 4200 1150 4247 ge·-
1201 4183 1425 4232 fidelium
1458 4185 1598 4246 quod
1629 4199 1726 4246 ego
1747 4185 2026 4246 Johannes,
2050 4183 2128 4246 pii

216 4259 389 4314 uitrici
425 4271 489 4306 ac
524 4257 634 4306 suis
664 4256 923 4305 monachis
954 4270 1018 4304 ea
1039 4269 1152 4315 per·
1203 4251 1493 4304 conditoris
1525 4255 1793 4304 clementia
1813 4259 2003 4304 sanctae
2026 4254 2132 4302 Ro-

216 4327 499 4391 petualiter
549 4326 860 4389 possidenda
902 4325 1149 4377 attribuit.
1182 4331 1364 4374 'manae
1420 4325 1560 4378 sedis
1613 4326 1838 4374 existens
1887 4324 2138 4385 indignus

1778 4416 1825 4462 R
