3023 5045
271 520 400 570 ΜΒ.
434 501 519 588 1.]
709 523 940 572 ensi-A
990 522 1252 574 uncum
1305 523 1735 572 menmium
2048 507 2187 572 113

267 677 561 760 agimus.
703 679 909 761 Quod
991 703 1160 748 vero
1217 683 1610 766 'legitimum
1668 683 2181 750 matrimonium

271 781 560 860 spernis,
591 780 652 845 si
706 803 831 866 pro
875 784 1202 848 castitate
1247 784 1537 864 facereS,
1568 790 1755 848 esset
1787 784 2177 850 laudabile:

267 878 383 942 sed
439 883 609 964 quia
659 882 733 946 in
790 884 1074 948 luxuria
1121 892 1193 949 et
1235 886 1309 949 in
1356 885 1698 950 adulterio
1749 885 1959 949 etiam
2022 905 2178 950 cum
2212 887 2223 904 ⁹

267 982 906 1050 sanctimonialibus
983 985 1347 1064 volutaris,
1413 992 1524 1050 est
1544 1061 1571 1076 ῃ
1584 985 2043 1068 vituperabile
2107 995 2179 1052 et

269 1079 700 1164 damnabile3
748 1104 910 1149 nam
944 1092 1016 1150 et
1063 1085 1322 1151 famam
1371 1086 1613 1168 gloriae
1644 1093 1897 1151 vestrae
1942 1105 2175 1152 coram

267 1180 416 1246 Deo
447 1189 522 1247 et
555 1183 951 1250 hominibus
1002 1186 1491 1274 confunditket
1534 1187 1719 1251 inter
1766 1186 2174 1251 idololatras

265 1284 648 1362 constituit,
714 1287 880 1368 quia
943 1287 1279 1371 templum
1346 1287 1483 1352 Dei
1548 1286 1856 1353 violasti.
1978 1285 2173 1366 Qua-

263 1391 567 1466 propter,
603 1384 704 1448 fili
727 1387 1103 1466 carissime,
1132 1380 1428 1471 ¹poenite
1450 1394 1523 1452 et
1554 1406 1935 1451 memorare
1962 1406 2173 1470 quam
2192 1447 2207 1464 ,

263 1490 463 1568 turpe
513 1485 630 1561 sit,
685 1492 766 1550 ut
821 1494 922 1564 tu,
969 1489 1091 1571 qui
1141 1488 1380 1552 multis
1427 1489 1751 1570 gentibus
1802 1487 1987 1552 dono
2038 1488 2174 1552 Dei

265 1683 684 1751 Audivimus
729 1696 1068 1770 praeterea
1093 1689 1280 1772 quod
1312 1689 1685 1773 optimates
1713 1707 1889 1771 pene
1933 1707 2172 1752 omnes

262 1787 495 1867 gentis
533 1785 954 1853 Merciorum
999 1796 1120 1853 tuo
1154 1789 1473 1872 exemplo
1520 1788 1867 1870 legitimas
1914 1807 2171 1852 uxores

257 1885 608 1964 deserant,
653 1895 724 1952 et
769 1889 1120 1954 adulteras
1169 1897 1244 1954 et
1275 1889 1837 1954 sanctimoniales
1888 1895 2170 1953 constu-

251 1995 505 2069 prent3
551 1988 762 2071 quod,
795 2009 1004 2073 quam
1050 1991 1146 2054 sit
1188 1990 1625 2075 peregrinum
1660 1991 1747 2054 ab
1780 1989 2169 2068 honestate,

243 2087 510 2153 doceat
535 2109 662 2153 vos
715 2090 959 2155 alienoe
1009 2093 1239 2173 gentis
1289 2091 1679 2156 institutio:
1728 2109 1888 2154 nam
1932 2090 2006 2153 in
2042 2111 2167 2154 an-

248 2189 454 2273 tiqua
495 2188 825 2268 Saxonia,
855 2192 976 2255 ubi
1019 2192 1214 2256 nulla
1263 2199 1372 2256 est
1417 2191 1679 2256 Christi
1731 2190 2064 2274 cognitio,
2108 2193 2168 2256 si

251 2291 462 2372 virgo
493 2289 565 2353 in
599 2297 892 2373 paterna
930 2291 1159 2370 domo,
1189 2293 1302 2357 vel
1329 2293 1661 2357 maritata
1686 2292 1818 2356 sub
1848 2292 2168 2375 conjuge,

253 2389 468 2455 fuerit
542 2390 958 2470 adulterata,
1031 2412 1242 2457 manu
1318 2394 1598 2477 propria
1662 2392 2169 2474 strangulatam

253 2498 594 2571 cremant,
640 2499 711 2558 et
755 2512 968 2577 supra
1017 2493 1276 2559 fossam
1339 2494 1633 2578 sepultae
1695 2499 2169 2577 corruptorem

241 2592 732 2678 -suspendunt3
766 2602 913 2672 aut,
943 2594 1223 2677 cingulo
1246 2600 1456 2660 tenus
1475 2596 1786 2659 vestibus
1822 2594 2169 2673 abscissiS,

251 2692 621 2777 flagellant
676 2714 829 2759 eam
873 2701 1085 2760 castae
1144 2703 1480 2761 matronae
1526 2702 1599 2759 et
1643 2695 1941 2759 cultellis
1990 2698 2167 2777 pun-

241 2802 456 2877 gunt,
485 2801 558 2859 et
591 2795 678 2858 de
704 2796 874 2861 villa
913 2796 988 2860 in
1021 2796 1261 2861 villam
1295 2798 1527 2861 missae
1557 2803 1927 2861 occurrunt
1967 2815 2169 2860 novae

246 2895 772 2978 flagellatriceS,
798 2895 1017 2961 donec
1045 2896 1468 2961 interimant.
1546 2896 1846 2979 Insuper
1875 2903 1946 2960 et
1974 2888 2168 2960 ².Wi-

245 2997 438 3077 nedi,
476 2996 665 3079 quod
693 3003 802 3061 est
829 2996 1282 3061 foedissimum
1327 2992 1549 3079 genus
1576 2996 1954 3074 hominum,
1983 2995 2167 3061 hunc

235 3096 520 3161 habent
534 3117 794 3162 morem
819 3118 837 3178 3
868 3105 950 3162 ut
981 3098 1249 3176 mulier,
1277 3098 1429 3162 viro
1458 3105 1758 3176 mortuo,
1792 3117 1866 3162 se
1894 3097 1965 3160 in
1994 3117 2165 3179 rogo

244 3198 544 3262 cremati
590 3198 851 3281 pariter
893 3217 1138 3263 arsura
1167 3198 1579 3281 praecipitet.
1685 3197 1761 3262 Si
1794 3217 1961 3280 ergo
1992 3217 2162 3279 gen-

241 3299 434 3377 tiles,
461 3298 693 3363 Deum
723 3300 1148 3381 ignoranteS,
1178 3306 1450 3364 tantum
1485 3298 1708 3363 zelum
1736 3298 2163 3363 castimoniae

241 3399 538 3476 habent,
604 3399 769 3482 quid
827 3399 954 3464 tibi
1022 3400 1372 3478 convenit,
1437 3398 1537 3463 fili
1601 3400 1975 3477 carissime,
2044 3400 2165 3482 qui

237 3499 698 3566 Christianus
732 3506 803 3564 et
841 3520 968 3565 rex
1001 3502 1130 3565 es?
1236 3499 1458 3565 Parce
1494 3519 1660 3582 ergo
1694 3501 1941 3564 animae
1970 3506 2112 3564 tuae
2140 3520 2157 3579 ;

237 3622 458 3684 parce
495 3600 924 3665 multitudini
971 3600 1212 3684 populi
1259 3608 1380 3666 tuo
1421 3600 1775 3683 pereuntis
1819 3600 2161 3683 exemplo,

237 3703 328 3767 de
398 3720 700 3785 quorum
767 3701 1128 3765 animabus
1193 3701 1585 3765 redditurus
1658 3720 1733 3764 es
1800 3701 2162 3765 rationem.

235 3802 562 3868 Attende
607 3809 680 3866 et
731 3800 949 3868 illud:
996 3801 1182 3885 quod
1225 3803 1286 3866 si
1332 3821 1504 3883 gens
1538 3798 1951 3883 Anglorum,
1984 3800 2167 3864 sicut

309 4115 330 4148 ¹
359 4112 608 4177 Ponite]
641 4112 710 4163 A.
746 4114 806 4163 G.
842 4114 906 4162 Ε.
937 4114 1036 4175 L.;
1071 4129 1184 4175 poe·
1235 4113 1408 4162 seated
1446 4128 1511 4162 on
1549 4112 1635 4161 the
1668 4112 1889 4175 Vistula,
1920 4127 2044 4161 near
2076 4113 2162 4163 the

228 4191 408 4239 niteat
427 4190 498 4247 te,
523 4184 618 4245 S.;
650 4185 918 4247 poenitere,
941 4185 1010 4235 D.
1036 4186 1112 4234 M.
1235 4184 1422 4235 Baltic.
1517 4183 1644 4233 Cod.
1692 4182 1888 4232 Caesar.
1932 4184 2166 4235 likewise

1235 4255 1384 4303 reads
1441 4254 1456 4283 ‘
1475 4253 1716 4313 Winedi,’
1784 4254 1879 4302 but
1942 4254 2167 4303 wilkins

287 4326 334 4395 ι’
367 4292 619 4389 Winedi]
662 4323 773 4372 The
811 4325 1014 4375 Winedi
1050 4340 1184 4375 were
1237 4326 1252 4351 ‘
1269 4325 1410 4387 apud
1435 4324 1663 4374 Persas!

1840 4433 1863 4479 1
