3023 5045
501 675 564 714 et.
586 675 736 717 Ethel-

501 727 632 766 drith.

501 1076 562 1115 St.
585 1075 729 1116 Ethel-

501 1128 627 1166 burh.

500 1873 563 1913 st.
583 1871 792 1914 sexburh.

503 2341 565 2384 St.
587 2344 746 2385 Eteon-

498 2468 559 2507 St.
581 2468 762 2510 Ermen-

501 2518 632 2559 hilde.

502 2594 566 2634 st.
586 2594 807 2636 Werburh.

822 488 957 557 >368
1269 506 1498 556 cns‘rA
1548 505 1805 554 nucum
1854 499 2283 552 ANGLORUM.
2442 486 2617 567 [ms.
2652 499 2731 546 11.-

821 661 1152 740 dritham,
1185 662 1712 746 Ethelburgam,
1736 662 2195 745 sexburgam.
2258 659 2725 736 Etheldritha,

825 762 1097 826 duobus
1131 763 1301 828 viris
1345 771 1591 848 nupta,
1634 762 1821 828 felici
1852 757 1909 849 (¹
1926 769 2006 828 ut
2052 761 2250 826 Beda
2292 767 2539 826 auctor
2580 757 2727 845 est)

825 864 1276 941 continentia,
1311 865 1462 928 sine
1514 863 1662 928 ulla
1714 863 2000 947 pudoris
2030 862 2337 946 jactura,
2373 862 2525 926 sine
2577 861 2726 926 ulla

825 961 1132 1028 libidinis
1199 964 1450 1041 urtica,
1518 970 1875 1047 perpetuae
1918 963 2347 1044 virginitatis
2412 962 2724 1024 lauream

821 1063 1007 1128 ‚coelo
1062 1063 1321 1128 victrix
1375 1062 1717 1130 exhibuit.
1822 1062 2279 1144 Ethelburga,
2322 1063 2397 1126 in
2446 1079 2726 1125 monas-

823 1162 1004 1226 terio
1041 1161 1296 1228 Galliae
1331 1163 1517 1247 quod
1548 1164 1807 1228 dicitur
1838 1157 2136 1244 ²Brigis,
2172 1162 2723 1226 sanctimonialis

826 1262 1150 1345 primum,
1203 1263 1454 1328 dehinc
1506 1264 1885 1340 abbatissa,
1934 1263 2228 1326 illibatae
2290 1262 2720 1344 integritatis

821 1362 1190 1443 signaculo
1223 1363 1502 1428 floruit:
1540 1370 1612 1428 et
1646 1364 2037 1446 speciosum
2064 1369 2255 1426 certe
2284 1359 2471 1445 quod
2502 1361 2726 1424 ambae

825 1479 1125 1540 sorores,
1160 1463 1344 1528 sicut
1369 1464 2004 1546 concupiscentiam
2037 1463 2267 1526 carnis
2310 1462 2384 1526 in
2429 1479 2506 1525 se
2540 1462 2721 1525 vivae

828 1559 1263 1642 domuerant,
1316 1564 1419 1628 ita
1484 1562 1831 1628 defunctae
1893 1563 2368 1646 incorruptam
2432 1561 2721 1625 eandem

828 1661 1231 1743 praeferunt,
1273 1664 1398 1728 illa
1441 1663 1516 1728 in
1548 1662 1835 1746 Anglia,
1887 1663 2026 1727 ista
2069 1663 2143 1726 in
2178 1661 2438 1740 Gallia,
2484 1667 2566 1725 ut
2609 1680 2719 1726 ea-

831 1778 983 1824 rum
1043 1764 1408 1841 sanctitas,
1451 1782 1613 1846 quae
1668 1762 1943 1827 abunde
1987 1761 2321 1844 fulgurat,
2374 1766 2395 1796 ‘
2419 1759 2721 1826 sufficiat

829 1861 1143 1942 geminos
1175 1862 1509 1928 irradiare
1540 1863 1785 1947 polos?
1858 1861 2250 1944 Sexburga,
2270 1861 2723 1926 Ercomberto

823 1961 979 2042 regi
1009 1960 1545 2027 Cantuariorum
1576 1964 1651 2027 in
1684 1962 2199 2026 matrimonium
2231 1961 2422 2040 data,
2456 1967 2527 2025 et
2561 1969 2724 2045 post

829 2060 980 2144 ejus
1005 2070 1321 2130 ,mortem
1375 2064 1613 2134 ,velata
1672 2063 1747 2128 in
1810 2062 2053 2126 eodem
2105 2061 2529 2128 monasterio
2584 2081 2724 2144 quo

827 2178 1026 2232 soror
1070 2161 1533 2242 Etheldritha,
1586 2162 2009 2246 praedicatur
2071 2169 2339 2227 sancta.
2448 2160 2725 2225 Habuit

829 2277 922 2324 ex
961 2259 1083 2326 illo
1135 2281 1297 2345 rege
1347 2263 1529 2326 filias
1576 2261 2046 2344 Ercongotam
2100 2270 2171 2326 et
2223 2259 2720 2325 Ermenildam.

831 2352 856 2390 ³
869 2360 980 2425 De
1014 2361 1412 2444 Ercongota
1443 2362 1624 2426 scire
1656 2362 1970 2426 volentes
2019 2361 2227 2426 lectio
2262 2360 2476 2425 Bedae
2509 2359 2727 2426 infor-

831 2461 1074 2527 mabit.
1147 2454 1599 2542 4Ermenilda,
1618 2461 1965 2527 Wulferio
1992 2461 2141 2544 regi
2161 2461 2584 2527 Merciorum
2618 2458 2725 2526 lo-

833 2569 1017 2640 cata,
1067 2562 1312 2627 habuit
1355 2563 1571 2627 filiam
1605 2563 2093 2645 werburgam,
2127 2562 2471 2645 virginem
2524 2578 2729 2625 sanc-

833 2661 1196 2727 tissimam.
1299 2663 1639 2747 Utraeque
1690 2670 1977 2740 sanctae,
2018 2668 2243 2727 mater
2280 2662 2467 2745 apud
2509 2660 2727 2745 Hely,

831 2761 952 2825 ubi
983 2769 1146 2845 post
1177 2770 1470 2829 matrem
1498 2762 1935 2845 Sexburgam
1968 2762 2328 2827 abbatissa
2351 2756 2544 2840 ⁵fuit,
2576 2761 2723 2825 filia

832 2861 1018 2944 apud
1051 2862 1410 2927 civitatem
1430 2862 1840 2945 Legionum,
1858 2870 2183 2945 pausant,
2206 2861 2279 2926 in
2298 2862 2723 2925 monasterio

830 2961 892 3044 ej
899 2961 1160 3026 usdem·
1207 2962 1400 3027 urbis
1459 2962 1645 3046 quod
1712 2963 2107 3027 construxit
2169 2962 2443 3026 noviter
2503 2960 2725 3042 Hugo

829 3079 1060 3125 comes
1113 3061 1530 3140 Cestrensis,
1584 3062 1827 3146 ejectis
1871 3062 2031 3126 inde
2086 3062 2409 3145 pauculis
2452 3059 2725 3125 clericis

823 3161 951 3243 qui
1005 3162 1260 3227 ibidem
1298 3160 1486 3227 foedo
1542 3168 1614 3226 et
1664 3181 1973 3246 paupere
2006 3162 2197 3227 victu
2231 3162 2451 3225 vitam
2491 3168 2725 3224 trans-

828 3260 1132 3342 igebant.
1239 3261 1523 3340 Earum,
1564 3268 1635 3326 et
1677 3262 2027 3345 praecipue
2060 3261 2385 3345 junioriS,
2428 3261 2527 3325 ibi
2568 3260 2727 3325 lau-

827 3358 1084 3424 dantur
1143 3363 1418 3440 merita,
1479 3361 1915 3427 extolluntur
1975 3361 2363 3441 miracula3
2426 3378 2724 3444 cumque

828 3461 1136 3525 omnium
1179 3461 1631 3544 petitionibus
1700 3461 1843 3527 sint
1906 3463 2389 3526 incunctanter
2446 3460 2725 3525 favora-

895 3779 914 3811 ¹
946 3784 1018 3832 Ut
1039 3784 1180 3833 Beda
1209 3789 1378 3834 auctor
1395 3786 1515 3850 est]
1550 3786 1750 3836 Histor.
1799 3786 1911 3835 also
1943 3784 2182 3837 Malmes.
2216 3785 2380 3837 Gesta
2412 3784 2541 3848 Reg.
2566 3784 2727 3847 Angl.

828 3854 1030 3904 Eccles.
1051 3855 1142 3903 lib.
1157 3867 1228 3905 w.
1251 3869 1328 3907 cc.
1353 3859 1434 3917 19,
1453 3860 1537 3906 20.
1799 3856 1827 3919 §
1851 3859 1933 3918 11,
1954 3860 2070 3905 note
2099 3853 2137 3917 ¹,
2157 3870 2210 3919 p.
2234 3860 2318 3906 21.

897 3920 920 3953 ²
963 3924 1207 3988 Brigia]
1259 3924 1631 3975 Faremoustier
1685 3939 1748 3974 en
1884 3928 1907 3957 ⁴
1950 3927 2255 3987 Ermeuilda,
2318 3924 2563 3986 Wulferio
2614 3925 2729 3987 regi

827 3994 969 4057 Brie,
1010 4008 1043 4043 a
1085 3995 1373 4047 celebrated
1419 3996 1749 4047 Benedictine
1799 3996 2099 4045 Met-ciorum
2134 3997 2309 4057 locata,
2350 3995 2525 4044 habuit
2558 3994 2728 4059 filiun

824 4078 1072 4126 nunnery.
1808 4064 2154 4129 Werburgam,
2184 4060 2430 4127 virginem
2472 4065 2729 4115 unctissi-

895 4131 917 4165 ⁸
938 4134 1018 4183 De
1056 4134 1334 4196 Ercemgota
1369 4134 1495 4184 scire
1540 4136 1750 4185 volentes
1796 4131 1971 4203 mum]
2008 4136 2104 4185 See
2127 4140 2297 4197 antea,
2317 4150 2372 4197 p.
2396 4138 2515 4187 11⁰.

823 4204 965 4253 lectio
1000 4204 1151 4253 Bedae
1187 4203 1508 4268 informabit.]
1551 4205 1747 4255 Hister.
1866 4204 1888 4233 ⁸
1934 4206 2103 4271 Fuit]
2152 4206 2303 4258 After
2344 4206 2360 4233 ‘
2374 4204 2475 4257 fuit
2490 4206 2507 4231 '
2552 4204 2613 4256 S.
2654 4203 2723 4256 L.

825 4273 1029 4324 Eccles.
1049 4275 1140 4323 lib.
1165 4286 1249 4323 111.
1271 4289 1319 4324 c.
1344 4279 1395 4337 8,
1426 4275 1454 4339 ς
1479 4278 1594 4325 172.
1651 4275 1748 4325 See
1796 4276 1924 4326 read
1945 4276 1962 4305 ‘
1982 4276 2073 4327 et!
2190 4324 2205 4341 ,
