3023 5045
269 505 408 552 mn.
443 486 556 569 11.]
719 503 948 552 css'm
995 502 1248 552 nucum
1297 503 1725 552 Auemntm.
2042 485 2175 552 383

276 658 556 742 Angliae
615 659 828 726 dedit.
955 661 1130 726 Erat
1183 659 1304 725 ille
1359 660 1494 726 hoc
1554 679 1840 724 munere
1898 659 2177 742 dignus,

277 768 622 844 praestans
655 761 868 826 animi
885 760 1192 844 juvenis,
1225 767 1299 826 et
1327 760 1448 844 qui
1492 761 1569 824 in
1611 779 2007 843 supremum
2034 761 2176 824 fas-

279 862 526 943 tigium
561 860 776 924 alacri
813 861 1050 925 labore
1087 868 1536 940 excreverat3
1584 868 1921 944 praeterea
1964 880 2177 943 prox·

280 961 418 1024 ime
473 955 1052 1042 consanguineus,
1110 959 1294 1024 filius
1363 960 1658 1024 Roberti
1720 958 1845 1023 filii
1894 960 2181 1025 Ricardi

283 1060 592 1136 secundi,
627 1079 832 1144 quem
877 1059 1160 1125 fratrem
1206 1060 1420 1124 fuisse
1453 1059 1719 1125 Emmae
1764 1061 2009 1123 matris
2038 1060 2179 1124 Ed-

283 1158 504 1223 wardi
531 1179 672 1224 non
694 1160 908 1223 semel
933 1167 1042 1223 est
1063 1159 1250 1242 quod
1277 1159 1601 1223 diximus.
1707 1153 2008 1223 ¹Ferunt
2028 1161 2177 1242 qui-

285 1259 446 1324 dam
473 1259 702 1342 ipsum
731 1258 1125 1324 Haroldum
1149 1278 1196 1322 a
1222 1279 1387 1341 rege
1411 1260 1484 1323 in
1516 1259 1649 1323 hoc
1678 1258 2181 1323 Normanniam

288 1360 614 1424 missum:
651 1358 796 1435 alii,
829 1359 1220 1424 secretioris
1247 1359 1519 1423 consilii
1548 1359 1833 1435 conscii,
1861 1359 2183 1436 invitum,

287 1458 480 1523 venti
503 1458 838 1523 violentia
873 1457 1041 1522 illuc
1073 1465 1330 1536 actum,
1358 1477 1498 1541 quo
1541 1478 1623 1522 se
1658 1465 1969 1523 tueretur
1994 1459 2187 1523 inve-

291 1559 477 1622 nisse
527 1563 1028 1638 commentum3
1075 1557 1286 1641 quod,
1315 1552 1521 1641 ²quia
1564 1559 1849 1642 propius
1886 1578 2053 1622 vero
2080 1559 2186 1622 vi-

291 1659 520 1734 detur,
587 1675 956 1740 exponam,
1061 1657 1422 1722 Haroldus
1481 1659 1557 1732 in
1615 1657 1951 1740 praedium
2004 1658 2187 1741 juris

291 1757 402 1822 sui
431 1752 822 1828 ³Boseh'am
846 1766 1178 1823 venerat:
1225 1759 1346 1837 ibi,
1375 1765 1456 1821 ut
1479 1759 1787 1822 animum
1808 1757 2189 1822 oblectaret

293 1877 520 1935 suum,
582 1857 1032 1940 piscatorium
1090 1858 1490 1922 conscendit
1534 1858 1915 1940 navigium,
1958 1864 2030 1920 et
2079 1858 2187 1920 in·

290 1959 494 2022 terim
541 1956 816 2039 quidem
863 1955 1301 2038 longiusculo
1350 1957 1515 2021 ludo
1557 1957 1633 2020 in
1678 1957 1893 2021 altum
1948 1976 2188 2039 proce·

293 2057 520 2136 ditur3
556 2056 702 2133 sed,
733 2057 964 2121 subito
991 2056 1286 2122 adversa
1307 2063 1729 2140 tempestate
1748 2063 2015 2132 coorta,
2043 2057 2193 2139 ipse

297 2177 455 2222 cum
499 2155 853 2220 sodalibus
887 2156 978 2220 in
1007 2155 1384 2221 Pontivum
1433 2177 1693 2240 pagum
1734 2157 2190 2238 compellitur.
2260 2167 2272 2180 ‘

301 2256 646 2320 Homines
688 2255 880 2319 illius
919 2255 1248 2338 regioniS,
1281 2276 1406 2340 pro
1453 2275 1647 2320 more
1694 2256 1921 2337 gentis
1960 2255 2193 2332 insito,

297 2363 585 2439 repente
627 2373 718 2418 ex
743 2355 933 2418 omni
973 2361 1174 2438 parte
1221 2356 1719 2434 convolavere3
1766 2356 2063 2418 inermes
2108 2357 2195 2419 ab

301 2454 613 2533 armatis,
657 2453 862 2538 pauci
911 2471 954 2516 a
1003 2454 1316 2538 pluribus
1355 2452 1578 2541 (quod
1624 2453 1827 2518 facile
1874 2451 2043 2537 fuit)
2070 2473 2196 2538 op·-

303 2555 548 2639 pressi‚
591 2572 842 2618 manus
889 2555 1201 2633 manicis,
1252 2554 1463 2638 pedes
1520 2555 1967 2637 compedibus
1994 2574 2199 2638 prae·-

303 2656 535 2720 buere.
641 2653 1026 2731 Haroldus,
1053 2661 1294 2719 astuto
1343 2661 1621 2738 pectore
1654 2655 1943 2719 volvens
1992 2674 2198 2721 casus

302 2754 722 2831 remedium,-
753 2753 1098 2818 hominem
1151 2755 1510 2837 promissis
1567 2754 1963 2837 ingentibus
2010 2755 2199 2819 solli-

299 2854 596 2919 citatum
637 2852 728 2917 ad
759 2852 1186 2917 Willelmum
1239 2854 1496 2918 mittit:
1554 2854 1843 2917 missum
1896 2874 1971 2918 se
2016 2854 2203 2919 Nor-

307 2953 662 3018 manniam
690 2972 734 3016 a
761 2971 946 3035 rege,
976 2958 1055 3017 ut
1083 2954 1280 3035 quod
1305 2954 1606 3017 minores
1640 2954 1876 3017 nuncii
1900 2954 2201 3018 balbuti-

305 3061 509 3118 erant
552 3053 704 3135 ipse
759 3052 1196 3135 potissimum
1239 3071 1369 3117 sua
1418 3052 1859 3118 confirmaret
1898 3072 2203 3136 praesen-

307 3319 568 3382 apposuit,
588 3324 640 3369 et
673 3333 790 3368 eum
824 3320 923 3369 sibi
957 3319 1231 3369 succedere
1284 3318 1489 3367 Deinde
1556 3318 1861 3383 Heraldum,
1914 3326 2207 3371 cunctorum

306 3390 361 3439 in
397 3404 610 3451 regnum
651 3389 859 3452 Anglioe
892 3404 1016 3439 voce
1061 3390 1236 3439 stabili
1285 3402 1395 3437 suae
1439 3388 1795 3439 dominationis
1842 3392 2081 3441 comitum
2133 3391 2211 3440 di-

310 3458 564 3510 sancivit!
583 3458 852 3525 (Ingulph.
875 3474 929 3521 p.
953 3456 1096 3523 899.)
1127 3459 1236 3509 The
1285 3459 1426 3507 vitiis
1447 3462 1500 3509 et
1522 3458 1707 3508 honore
1730 3475 1792 3510 ac
1812 3463 2035 3522 potentia
2051 3461 2208 3511 maxi-

315 3530 607 3579 suceession
660 3528 720 3578 of
767 3529 995 3578 william
1043 3534 1098 3578 to
1150 3529 1237 3578 the
1286 3542 1445 3589 mum,
1487 3527 1615 3577 duci'
1644 3529 1934 3591 destinavit,
1966 3535 2027 3580 ut
2063 3531 2112 3579 ei
2146 3531 2211 3580 de

311 3600 490 3649 throne
531 3598 598 3651 of
651 3595 888 3662 Enghnd
929 3598 978 3647 is
1021 3612 1055 3647 a
1096 3600 1240 3660 point
1287 3611 1473 3648 corona
1495 3612 1591 3647 sua
1606 3598 1899 3649 fidelitatem
1920 3599 2128 3663 faceret,
2150 3614 2211 3650 wc

299 3683 452 3719 more
484 3668 720 3719 invoived
749 3670 803 3717 in
838 3668 1097 3729 obscurity
1119 3668 1242 3717 than
1291 3668 1581 3717 Christiano
1612 3682 1748 3718 more
1786 3671 2112 3719 sacramentis
2130 3671 2215 3719 fir-

316 3754 420 3801 any
439 3739 584 3788 other
603 3738 662 3788 of
675 3752 770 3788 our
788 3737 1000 3799 history.
1289 3736 1484 3788 maret!
1540 3737 1708 3803 (will.
1740 3738 1941 3789 Gemet.
1978 3740 2119 3791 Hist.
2162 3754 2210 3789 ο.

387 3805 408 3839 ¹
430 3808 623 3857 Ferunt
652 3808 850 3871 quidam
880 3808 1039 3871 ipsum
1059 3806 1248 3856 Humi-⁴
1292 3803 1471 3870 xxxl.)
1538 3806 1635 3857 See
1681 3808 1790 3858 also
1821 3808 1969 3859 Guil.
2006 3810 2210 3860 Pictav-

318 3878 434 3927 ἀνω
465 3894 498 3927 α
533 3892 652 3941 rege
682 3877 736 3926 in
769 3877 856 3927 Ιιυο
893 3877 1245 3927 Nor-manniam
1291 3878 1394 3927 An.
1416 3880 1567 3937 1⁰65,
1587 3878 1719 3927 inter
1738 3878 1918 3928 Nom.
1940 3878 2127 3943 Script.

319 3943 568 4016 missuum]
599 3949 616 3977 ‘
635 3947 928 3997 Edwardns
961 3947 1246 4010 Anglorum
1363 3943 1386 3977 ²
1403 3946 1537 4003 Quia
1552 3947 1755 4011 propius
1773 3962 1884 3997 vero
1896 3949 2108 4011 videtur,
2128 3962 2218 3999 ex·

317 4032 429 4079 rex,
472 4018 791 4068 successione
839 4017 998 4080 prolis
1051 4031 1249 4079 carens,
1293 4017 1510 4081 ponam]
1545 4018 1611 4067 Ε.
1634 4018 1785 4067 omits
1808 4018 1825 4047 ‘
1842 4018 2216 4069 vero.’--Com·

315 4088 439 4137 olim
461 4089 670 4137 miserat
689 4088 944 4137 Willelmo
965 4088 1089 4137 duci
1111 4088 1248 4137 Rod-
1295 4100 1420 4147 pare
1455 4087 1559 4136 this
1592 4092 1860 4137 statement
1878 4088 2006 4139 with
2028 4089 2218 4140 Chron-

320 4158 519 4207 bertum
549 4157 942 4209 cantuariorum
974 4158 1249 4220 archiproe-
1299 4157 1508 4206 Roberti
1520 4157 1586 4206 de
1604 4157 1781 4207 Monte
1795 4158 1863 4207 ad
1884 4158 2222 4222 sigebertum,

317 4228 502 4292 sulem,
523 4242 588 4277 ex
611 4242 770 4291 reg-no
789 4242 824 4276 a
844 4228 960 4277 Deo
981 4227 1083 4277 sibi
1108 4228 1250 4277 attri-
1299 4227 1440 4289 apud
1454 4226 1751 4290 Achra-ium,
1773 4244 1826 4291 p.
1848 4230 1965 4278 ⁷21.

323 4299 447 4349 huto
491 4298 637 4347 illum
693 4300 922 4348 statuens
975 4297 1246 4352 haeredem.
1369 4293 1393 4327 ⁸
1419 4295 1701 4359 Bocchum]
1745 4299 1889 4349 Neai·
1911 4298 2223 4349 chichester.
