3023 5045
289 482 430 531 us.
463 466 578 548 11.]
727 481 955 530 GESTA
1009 482 1265 532 uncum
1313 482 1739 533 Ancmiwm.
2067 470 2199 535 349

291 648 605 706 cratetur
655 642 743 705 ab
787 641 1112 725 episcopo
1164 641 1298 706 nisi
1348 641 1543 725 prius
1588 661 1633 706 a
1680 662 1844 724 rege
1896 643 2195 726 insigni-

289 748 486 806 retur
528 749 599 806 et
645 743 904 807 annulo
949 750 1020 807 et
1065 742 1313 807 baculo
1347 763 1363 808 τ
1423 750 1691 820 contra,
1745 743 2071 808 laudatur
2120 745 2195 808 in

289 842 511 906 nostri
567 843 805 907 saeculi
859 843 1301 925 pontificibus
1351 844 1537 926 quod
1597 842 1727 907 has
1784 844 2195 908 donationes

288 942 598 1006 tulerunt
632 943 1080 1026 principibus..
1175 942 1468 1008 Poterat
1495 951 1662 1009 tunc
1690 944 2198 1009 rationabiliter

287 1043 598 1120 concedi,
638 1043 820 1126 quod
874 1063 1057 1107 nunc
1087 1037 1349 1108 ¹ration
1361 1045 1638 1108 abiliter
1670 1044 1878 1109 debet
1914 1045 2194 1110 auferri.

287 1140 433 1206 Cur
486 1144 641 1207 ita?
765 1143 952 1222 Quia
1007 1151 1157 1208 erat
1220 1145 1493 1208 animus
1557 1144 1803 1226 Magni
1858 1147 2193 1210 adversus

287 1243 654 1308 avaritiam
699 1245 1024 1322 invictae,
1069 1264 1197 1309 nec
1248 1245 1452 1309 facile
1502 1245 1882 1310 invenisset
1930 1247 2194 1311 aditum

283 1343 536 1427 aliquis
589 1345 722 1408 nisi
760 1345 1090 1409 intrasset
1140 1365 1264 1428 per
1309 1346 1606 1425 ostium3
1658 1353 2020 1428 praeterea,
2068 1366 2195 1429 per

280 1450 389 1508 tot
437 1451 776 1509 terrarum
843 1445 1227 1510 interstitia
1281 1447 1615 1530 nequibat
1669 1447 1928 1529 requiri
1992 1447 2191 1512 sedes

280 1545 668 1626 apostolica
729 1552 808 1610 ut
861 1546 1238 1629 unicuique
1299 1547 1521 1612 electo
1580 1566 1939 1611 assensum
2002 1568 2189 1611 com-

279 1645 638 1709 mendaret
681 1665 908 1725 suum,
952 1647 1114 1710 dum
1160 1654 1344 1712 esset
1397 1667 1613 1731 prope
1666 1668 1793 1711 rex
1836 1648 1956 1730 qui
2015 1648 2189 1712 nihil

278 1765 404 1826 per
466 1747 834 1812 avaritiam
883 1747 1304 1829 disponeret,
1361 1749 1482 1812 sed
1541 1748 1755 1832 juxta
1812 1767 2013 1812 sacra
2068 1768 2185 1812 ca-

279 1865 538 1910 nonum
585 1848 765 1911 scita
811 1848 1173 1930 religiosas
1223 1867 1560 1930 personas
1608 1849 1915 1912 ecclesiis
1965 1848 2185 1912 intro-

277 1945 581 2012 duceret.
688 1946 896 2012 Nunc
949 1947 1180 2012 omnia
1237 1949 1502 2030 palatia
1555 1967 1795 2030 regum
1853 1948 2063 2012 luxus
2110 1957 2181 2013 et

275 2049 578 2111 ambitus
611 2048 982 2130 occupavit
1014 2069 1032 2127 ;
1086 2067 1300 2131 quare
1343 2050 1588 2113 merito
1631 2049 2022 2114 libertatem
2061 2069 2184 2112 su-

278 2165 390 2211 am
441 2167 702 2230 sponsa
752 2147 1011 2212 Chrlsti
1055 2156 1434 2225 asseverat,
1464 2169 1551 2213 ne
1597 2148 1789 2213 illam
1836 2156 2175 2232 tyrannus

277 2249 645 2313 ambitioso
689 2249 1084 2331 usurpatori
1129 2249 1529 2332 prostituat.
1636 2249 1753 2313 Ita
1800 2249 1870 2313 in
1916 2257 2180 2315 utram-

275 2349 384 2413 vis
437 2355 705 2431 partem
752 2357 982 2431 potest
1025 2369 1237 2414 causa
1283 2369 1437 2413 mea
1485 2350 1815 2414 infirmari
1850 2349 1974 2480 vel2
2011 2350 2179 2414 alle-

277 2451 454 2533 gari.
560 2448 725 2514 Non
773 2455 880 2514 est
931 2449 1238 2533 episcopi
1288 2448 1586 2514 officium
1633 2456 1713 2513 ut
1763 2449 1913 2533 ipse
1951 2443 2179 2513 ²com-

276 2552 462 2617 mitti
495 2551 745 2635 jubeat
789 2551 1147 2633 praelium3
1194 2559 1546 2628 caeterum,
1582 2558 1854 2634 spectat
1885 2551 1973 2615 ad
2024 2570 2177 2614 mu-

276 2672 409 2717 nus
438 2651 744 2734 episcopi
773 2660 874 2729 ut,
905 2651 965 2715 si
985 2652 1219 2716 videat
1253 2650 1655 2734 naufragari
1683 2651 2178 2729 innocentiam,

279 2762 350 2820 et
403 2772 607 2816 manu
665 2759 738 2817 et
789 2752 1030 2835 lingua
1091 2758 1434 2816 occurrat.
1503 2704 1949 2816 e’Sacerdotes
2003 2752 2176 2817 Eze-

279 2854 457 2919 chiel
502 2858 786 2918 accusat
813 2853 998 2935 quod
1044 2872 1184 2917 non
1219 2852 1543 2917 steterint
1575 2872 1665 2916 ex
1703 2853 2020 2928 adverso,
2048 2872 2179 2916 nec

281 2948 788 3038 ³opposuerunt
839 2954 1157 3036 clypeum
1217 2972 1340 3036 pro
1389 2952 1595 3016 domo
1658 2952 1880 3016 Israel
1935 2953 2009 3015 in
2066 2953 2179 3017 die

279 3055 589 3119 Domini.
694 3054 876 3119 Duae
921 3061 1084 3117 sunt
1127 3053 1392 3117 scilicet
1420 3072 1735 3135 personae
1772 3053 1843 3115 in
1885 3053 2179 3117 ecclesia

279 3155 418 3219 Dei
479 3155 568 3219 ad
628 3155 1006 3218 resecanda
1061 3154 1233 3219 vitia
1299 3154 1741 3218 constitutae:
1818 3171 1959 3216 una
2018 3172 2177 3234 quae

279 3263 580 3321 exacuat
643 3255 1016 3339 eloquium,
1079 3255 1302 3318 altera
1344 3273 1500 3336 quae
1559 3260 1789 3335 portet
1843 3253 2174 3335 gladium.

277 3357 458 3440 Ego,
483 3362 562 3419 ut
591 3376 716 3420 vos
745 3356 911 3419 mihi
940 3361 1153 3420 testes
1199 3370 1350 3417 esse
1384 3355 1699 3437 potestis,
1733 3373 1872 3418 non
1900 3354 2179 3435 neglexi

277 3477 468 3523 meas
501 3462 771 3539 partes:
805 3455 1032 3540 quoad
1063 3455 1339 3538 speravi
1366 3454 1722 3536 proficere,
1750 3456 2013 3518 armavi
2044 3455 2177 3517 lin-

278 3578 530 3642 guam3
603 3557 800 3619 illum
859 3556 1058 3639 cujus
1115 3556 1402 3619 interest
1456 3575 1600 3618 rem
1652 3574 1859 3635 agere
1922 3554 2179 3635 gladio,

274 3660 638 3725 certiorem
687 3657 819 3721 feci
871 3657 1167 3735 nuncio;
1225 3661 1638 3737 occupatum
1694 3674 1773 3717 se
1820 3655 2178 3736 rescripsit

276 3761 460 3825 bello
515 3758 1081 3832 Windelicorum,
1142 3774 1396 3837 rogans
1463 3762 1543 3817 ut
1601 3754 1771 3817 meis
1827 3754 2179 3819 laboribus

276 3862 424 3925 suis
476 3859 800 3942 expensis
856 3878 995 3923 non
1045 3875 1373 3939 gravarer
1420 3855 1790 3919 deturbare
1833 3854 2179 3919 latronum
2213 3934 2231 3946 ,

349 4096 368 4128 ¹
406 4094 839 4157 Rationabilitcr.j
892 4094 952 4143 C.
992 4093 1062 4143 D.
1103 4092 1200 4152 E.;
1251 4091 1529 4139 committat
1571 4091 1653 4139 vel
1698 4090 1939 4139 committi
1972 4092 2176 4155 jubeat,

275 4167 623 4229 laudabiliter,
645 4164 714 4215 A.
738 4165 795 4215 S.
820 4164 882 4213 L.
1251 4160 1317 4211 A.
1343 4162 1400 4211 S.
1425 4161 1488 4211 L.

1323 4229 1344 4259 ³
1371 4231 1751 4295 opposuerunt]
1788 4230 1847 4280 S.
1887 4231 1985 4293 L.
1971 4248 1984 4260 ·
2020 4246 2179 4294 appo-

349 4307 371 4337 ²
396 4305 874 4368 CommittiJubeat]
919 4305 978 4354 C'.
1005 4304 1075 4354 D.
1098 4304 1164 4353 Ε.
1187 4318 1201 4362 ;
1253 4306 1483 4365 suerunt,
1507 4301 1575 4353 A.
1603 4303 1661 4352 C.
1688 4302 1756 4351 D.
1782 4301 1847 4351 E.
