3023 5045
333 525 462 572 nm.
497 507 584 589 1.]
773 523 1000 572 cns'rA
1050 523 1304 572 uncum
1353 525 1778 574 ANcnonuu.
2114 510 2244 578 103

2086 579 2117 593 w,

324 681 567 746 redum
597 699 859 764 regem,
879 683 1000 766 qui
1022 683 1269 748 tertius
1288 688 1448 765 post
1471 683 1855 766 Egbertum
1878 685 2199 766 regnavit
2220 705 2245 750 ι

327 787 345 819 ‘
369 776 591 846 ¹Ecce
626 783 921 848 ecclesia
971 784 1196 848 sancti
1231 782 1599 849 cuthberti
1630 784 2069 848 sacerdotum
2102 786 2240 850 Dei

319 885 667 965 sanguine
709 903 1018 967 aspersa,
1063 885 1381 948 omnibus
1425 884 1726 968 spoliata
1768 887 2236 968 ornamentis3

321 983 516 1048 locus
563 984 838 1048 cunctis
885 986 960 1048 in
1014 985 1381 1049 Britannia
1433 986 1895 1050 venerabilior
1938 988 2240 1069 paganis

321 1084 652 1165 gentibus
716 1085 926 1150 datur
995 1085 1085 1150 ad
1161 1085 1750 1168 depraedandum;
1818 1092 1889 1151 et
1932 1087 2051 1150 ubi
2094 1088 2238 1170 pri-

320 1205 509 1248 mum
547 1192 712 1268 post
753 1185 1132 1250 discessum
1183 1187 1410 1250 sancti
1454 1186 1735 1252 Paulini
1780 1188 1869 1250 ab
1920 1185 2239 1252 Eboraco

323 1283 730 1350 Christiana
763 1286 1003 1367 religio
1035 1287 1109 1349 in
1141 1293 1382 1351 nostra
1425 1294 1637 1368 gente
1684 1287 1981 1370 sumpsit
2030 1306 2235 1351 exor-

321 1385 540 1464 dium,
573 1385 674 1450 ibi
724 1386 1018 1450 miseriae
1075 1395 1146 1450 et
1199 1387 1620 1451 calamitatis
1670 1388 1885 1470 coepit
1934 1388 2231 1452 initium.

322 1484 516 1565 Quid
569 1486 923 1569 significat
970 1488 1212 1570 pluvia
1259 1487 1647 1569 sanguiniS,
1682 1506 1893 1570 quam
1937 1487 2236 1570 quadra-

322 1587 646 1668 gesimali
677 1594 1012 1670 tempore,
1045 1588 1118 1651 in
1151 1587 1472 1652 Eboraca
1499 1589 1788 1652 civitate
1822 1607 1981 1670 quae
2022 1596 2237 1670 caput

321 1688 544 1751 totius
577 1689 778 1770 regni
813 1694 943 1766 est,
973 1689 1048 1751 in
1079 1689 1374 1752 ecclesia
1405 1682 1627 1752 ²beati
1666 1687 1999 1771 principis
2032 1706 2234 1770 apos-

322 1787 628 1852 tolorum
687 1788 1008 1867 vidimuS,
1064 1787 1150 1852 de
1204 1789 1622 1865 borealibUS,
1676 1787 1946 1867 domus,
1992 1806 2235 1853 sereno

319 1907 508 1966 aere,
588 1889 678 1952 de
745 1882 1176 1954 ³summitate
1258 1891 1426 1954 tecti
1502 1889 1867 1953 minaciter
1940 1888 2235 1952 cadere?

321 1988 584 2053 Nonne
616 1996 850 2072 potest
879 1989 1109 2072 putari
1142 2009 1188 2054 a.
1227 1990 1621 2054 borealibus
1655 1991 1969 2072 partibus
1999 1988 2239 2055 venire
2342 1989 2351 2044 ἶ

319 2091 738 2172 sanguinem
767 2110 975 2173 super
992 2097 1250 2154 terram
1271 2093 1301 2154 ‘i
1318 2090 1336 2117 ’
1389 2090 1575 2155 Item
1595 2083 1922 2154 4Osberto
1943 2090 2237 2174 patricio

323 2189 784 2256 Merciorum:
853 2196 874 2224 ‘
900 2190 1243 2255 Nostrum
1281 2211 1575 2273 regnum
1612 2190 1684 2255 N
1688 2190 2239 2255 orthanhimbro-

321 2311 474 2354 rum
507 2311 690 2375 pene
724 2292 930 2374 periit
961 2298 1244 2375 propter
1272 2292 1641 2356 intestinas
1672 2291 2135 2356 dissensiones
2166 2298 2239 2356 et

322 2392 612 2458 fallaces
631 2392 1070 2477 jurationes?
1151 2392 1334 2457 Item
1355 2393 1443 2456 ad
1467 2390 1901 2457 Adalardum
1932 2390 2239 2456 Cantua-

321 2493 623 2559 riensem
647 2493 1277 2578 archiepiscopum:
1326 2499 1346 2528 ‘
1371 2487 1395 2526 ⁶
1409 2492 1573 2559 Hoc
1595 2492 1751 2559 dico
1772 2487 2093 2577 ⁶propter
2114 2492 2239 2557 fia-

321 2594 586 2677 gellum
617 2595 805 2679 quod
835 2614 1054 2679 nuper
1079 2594 1333 2660 accidit
1352 2595 1667 2678 partibus
1688 2595 1933 2658 insulae
1952 2601 2237 2672 nostrae,

323 2716 482 2779 quae
535 2716 758 2778 prope
813 2697 1142 2760 trecentis
1186 2703 1257 2760 et
1290 2696 1761 2779 quadraginta
1793 2695 1995 2760 annis
2026 2714 2071 2759 a
2115 2714 2241 2777 pa-

322 2797 640 2861 rentibus
669 2796 1059 2862 inhabitata
1087 2803 1196 2861 est
1225 2798 1506 2861 nostris.
1598 2788 1620 2827 ⁷
1634 2794 1928 2877 Legitur
1958 2796 2032 2859 in
2063 2795 2239 2859 libro

325 2896 559 2961 Gildae
615 2897 1108 2980 sapientissimi
1141 2897 1533 2974 Britonum,
1591 2896 1779 2980 quod
1827 2896 2037 2959 iidem
2071 2894 2233 2958 Bri-

325 3004 554 3075 toneS,
601 3003 889 3081 propter
939 2998 1310 3062 avaritiam
1361 3005 1432 3061 et
1481 2998 1797 3080 rapinam
1826 2996 2239 3079 principum,

323 3105 614 3181 propter
642 3099 1082 3181 iniquitatem
1117 3105 1190 3161 et
1219 3097 1641 3181 injustitiam
1667 3096 2007 3181 Judicum,
2036 3115 2243 3179 prop⁹

323 3206 432 3263 ter
457 3198 798 3264 desidiam
847 3197 1364 3281 praedicationis
1407 3197 1914 3281 episcoporum,
1958 3203 2245 3279 propter

391 3431 411 3464 ¹
434 3434 563 3482 Ecce
583 3430 782 3481 ecclesia
800 3466 813 3482 .
829 3466 843 3482 .
856 3466 870 3482 .
885 3431 1262 3495 superterram]
1311 3436 1444 3481 most
1456 3431 1704 3494 probably
1724 3431 1843 3479 here
1865 3430 2066 3480 alludes
2085 3433 2138 3478 to
2158 3431 2246 3481 the

322 3504 420 3554 See
457 3503 669 3553 Alcuin.
708 3503 812 3565 Op.
845 3507 966 3551 tom.
1003 3514 1044 3553 1.
1088 3517 1142 3564 p.
1181 3505 1265 3565 20,
1313 3502 1662 3554 devastatione
1678 3500 1737 3549 of
1752 3500 1837 3550 the
1860 3501 2057 3563 Dauos,
2074 3501 2246 3551 which

323 3576 474 3637 epist.
497 3586 600 3623 111.
677 3592 682 3599 ·
1312 3574 1478 3634 began
1499 3572 1640 3621 A.D.
1662 3575 1778 3621 ⁷93.

389 3642 414 3671 ²
433 3644 632 3708 Beati.]
672 3645 732 3694 C.
745 3644 816 3694 D.
828 3644 895 3694 E.
908 3643 969 3694 L.
983 3644 1061 3695 M.
1079 3658 1094 3705 ;
1127 3644 1266 3692 beati
1382 3638 1404 3677 ⁷
1426 3642 1641 3705 Legitur
1659 3641 1715 3690 in
1732 3641 1859 3691 libro
1875 3641 2041 3690 Gilda·
2058 3640 2249 3703 sapien-

324 3717 488 3779 Petri,
511 3715 571 3765 S.
1313 3713 1497 3763 tissimi
1534 3712 1845 3776 Britannum]
1895 3711 2003 3760 The
2048 3712 2246 3772 precise

390 3784 415 3817 ³
437 3782 777 3845 Samnitum]
818 3783 885 3834 A.
899 3784 971 3835 D.
986 3784 1053 3834 Ε.
1070 3783 1133 3833 L.
1153 3783 1231 3833 M.
1249 3799 1264 3845 3
1313 3786 1484 3833 words
1505 3784 1643 3833 cited
1675 3784 1744 3844 by
1766 3782 1955 3831 Alcuin
1976 3795 2063 3829 are
2084 3784 2175 3829 not
2194 3786 2246 3829 to

323 3872 542 3917 summo,
566 3856 626 3905 S.
653 3857 714 3905 C.
1312 3855 1376 3903 be
1395 3855 1557 3904 found
1576 3855 1631 3902 in
1650 3854 1813 3903 either
1840 3852 1926 3900 the
1948 3852 1965 3879 ‘
1990 3849 2248 3899 Historia’

394 3926 416 3959 ⁴
431 3926 684 3989 Osberto]
705 3926 815 3975 The
827 3930 1022 3974 extract
1033 3925 1162 3974 from
1177 3924 1264 3973 the
1313 3940 1370 3973 οι·
1391 3925 1476 3974 the
1498 3925 1517 3953 ‘
1540 3924 1775 3986 Epistola
1794 3920 2005 3984 Gildae,'
2024 3935 2083 3970 as
2104 3921 2247 3970 these

325 4000 510 4063 epistle
525 4002 578 4047 to
595 3997 786 4047 Osbert
797 3998 844 4045 is
859 3997 1060 4058 printed
1075 3996 1130 4044 in
1143 3994 1267 4044 Alc·
1313 3996 1486 4045 works
1514 3999 1570 4043 at
1600 3998 1805 4057 present
1836 3993 2002 4052 exist;
2036 3993 2130 4040 but
2158 3991 2244 4039 the

325 4071 462 4121 uin’s
483 4068 679 4131 wei-ks,
701 4067 829 4117 from
853 4068 1219 4127 Malmesbury.
1315 4066 1639 4127 expressions
1669 4065 1729 4114 of
1756 4063 1961 4125 Gildas,
1990 4068 2043 4111 to
2075 4059 2247 4110 which

392 4144 414 4174 ⁵
442 4140 556 4189 Hoc
588 4139 697 4187 dico
721 4172 734 4189 .
763 4170 777 4187 .
804 4172 817 4188 .
845 4172 858 4186 .
880 4138 1114 4201 dignatus
1150 4136 1265 4200 esa]
1315 4136 1508 4186 Alcuin
1532 4150 1693 4187 seems
1715 4141 1767 4184 to
1788 4135 1961 4184 allude
1996 4134 2049 4181 in
2084 4131 2249 4181 show·

325 4212 422 4263 See
458 4209 672 4261 Alcuin.
713 4208 818 4270 Op.
855 4214 978 4259 tom.
1018 4222 1056 4258 1.
1095 4223 1148 4271 p.
1185 4211 1267 4271 15,
1316 4208 1404 4269 ing
1425 4206 1635 4255 whence
1674 4204 1898 4255 resulted
1932 4204 2015 4252 the
2050 4202 2248 4251 missor-

325 4283 477 4347 epist.
503 4294 580 4330 ῐκ.
1315 4282 1466 4326 tunes
1499 4277 1559 4325 of
1597 4277 1682 4327 the
1721 4279 1954 4336 country,
1996 4288 2151 4323 occur
2194 4273 2248 4321 in

337 4383 344 4390 -
395 4350 418 4383 ⁸
449 4354 668 4417 Propter
699 4348 1004 4414 flagellum]
1076 4348 1266 4399 Alcuin
1314 4348 1370 4412 ξς
1391 4352 1477 4412 2⁷,
1497 4351 1565 4397 66
1586 4346 1646 4398 of
1660 4348 1745 4397 the
1766 4349 1783 4376 ‘
1811 4344 2079 4408 Epistola?
