<?xml version="1.0" encoding="UTF-8"?>
<!DOCTYPE html PUBLIC "-//W3C//DTD XHTML 1.0 Transitional//EN"
    "http://www.w3.org/TR/xhtml1/DTD/xhtml1-transitional.dtd">
<html xmlns="http://www.w3.org/1999/xhtml" xml:lang="en" lang="en">
 <head>
  <title>
</title>
<meta http-equiv="Content-Type" content="text/html;charset=utf-8" />
  <meta name='ocr-system' content='tesseract 3.04.00' />
  <meta name='ocr-capabilities' content='ocr_page ocr_carea ocr_par ocr_line ocrx_word'/>
</head>
<body>
  <div class='ocr_page' id='page_1' title='image "./willelmimalmesb00unkngoog_0056.png"; bbox 0 0 3023 5045; ppageno 0'>
   <div class='ocr_carea' id='block_1_1' title="bbox 282 487 2201 580">
    <p class='ocr_par' dir='ltr' id='par_1_1' title="bbox 282 487 2201 580">
     <span class='ocr_line' id='line_1_1' title="bbox 282 487 2201 580; baseline 0.002 -28"><span class='ocrx_word' id='word_1_1' title='bbox 282 504 422 553; x_wconf 73' lang='lat' dir='ltr'><strong>mn.</strong></span> <span class='ocrx_word' id='word_1_2' title='bbox 457 487 544 580; x_wconf 83' lang='lat'><strong>1.]</strong></span> <span class='ocrx_word' id='word_1_3' title='bbox 740 502 972 554; x_wconf 74' lang='lat' dir='ltr'><strong>ons‘m</strong></span> <span class='ocrx_word' id='word_1_4' title='bbox 1025 502 1280 552; x_wconf 75' lang='lat' dir='ltr'><strong>nncuu</strong></span> <span class='ocrx_word' id='word_1_5' title='bbox 1327 503 1755 554; x_wconf 67' lang='lat' dir='ltr'><strong>Aucmnun.</strong></span> <span class='ocrx_word' id='word_1_6' title='bbox 2114 491 2201 556; x_wconf 81' lang='lat'><strong>19</strong></span> 
     </span>
    </p>
   </div>
   <div class='ocr_carea' id='block_1_2' title="bbox 247 661 2273 3862">
    <p class='ocr_par' dir='ltr' id='par_1_2' title="bbox 247 661 2273 3862">
     <span class='ocr_line' id='line_1_2' title="bbox 276 661 2189 748; baseline 0.004 -22"><span class='ocrx_word' id='word_1_7' title='bbox 276 661 572 743; x_wconf 74' lang='lat' dir='ltr'><strong>perfidia</strong></span> <span class='ocrx_word' id='word_1_8' title='bbox 621 662 950 730; x_wconf 84' lang='lat' dir='ltr'><strong>terribilis</strong></span> <span class='ocrx_word' id='word_1_9' title='bbox 987 663 1290 748; x_wconf 81' lang='lat' dir='ltr'><strong>exempli</strong></span> <span class='ocrx_word' id='word_1_10' title='bbox 1335 671 1504 730; x_wconf 82' lang='lat' dir='ltr'><strong>nota</strong></span> <span class='ocrx_word' id='word_1_11' title='bbox 1548 665 1845 748; x_wconf 83' lang='lat' dir='ltr'><strong>posteris</strong></span> <span class='ocrx_word' id='word_1_12' title='bbox 1878 666 2189 733; x_wconf 83' lang='lat' dir='ltr'><strong>inurere-</strong></span> 
     </span>
     <span class='ocr_line' id='line_1_3' title="bbox 247 763 2181 850; baseline 0.002 -21"><span class='ocrx_word' id='word_1_13' title='bbox 247 768 414 840; x_wconf 89' lang='lat' dir='ltr'><strong>.tur,</strong></span> <span class='ocrx_word' id='word_1_14' title='bbox 463 763 676 827; x_wconf 86' lang='lat' dir='ltr'><strong>avitis</strong></span> <span class='ocrx_word' id='word_1_15' title='bbox 723 763 974 830; x_wconf 85' lang='lat' dir='ltr'><strong>finibus</strong></span> <span class='ocrx_word' id='word_1_16' title='bbox 1019 783 1208 847; x_wconf 82' lang='lat' dir='ltr'><strong>aegre</strong></span> <span class='ocrx_word' id='word_1_17' title='bbox 1259 765 1424 830; x_wconf 88' lang='lat' dir='ltr'><strong>licet</strong></span> <span class='ocrx_word' id='word_1_18' title='bbox 1466 767 1780 845; x_wconf 86' lang='lat' dir='ltr'><strong>retentis,</strong></span> <span class='ocrx_word' id='word_1_19' title='bbox 1829 785 2181 850; x_wconf 86' lang='lat' dir='ltr'><strong>nunqnam</strong></span> 
     </span>
     <span class='ocr_line' id='line_1_4' title="bbox 273 862 2179 949; baseline 0.003 -23"><span class='ocrx_word' id='word_1_20' title='bbox 273 862 360 926; x_wconf 86' lang='lat' dir='ltr'><strong>ad</strong></span> <span class='ocrx_word' id='word_1_21' title='bbox 385 870 758 946; x_wconf 88' lang='lat' dir='ltr'><strong>paternum</strong></span> <span class='ocrx_word' id='word_1_22' title='bbox 784 863 1141 946; x_wconf 78' lang='lat' dir='ltr'><strong>fastigium</strong></span> <span class='ocrx_word' id='word_1_23' title='bbox 1167 866 1398 948; x_wconf 91' lang='lat' dir='ltr'><strong>potuit</strong></span> <span class='ocrx_word' id='word_1_24' title='bbox 1426 864 1759 948; x_wconf 87' lang='lat' dir='ltr'><strong>aspirare.</strong></span> <span class='ocrx_word' id='word_1_25' title='bbox 1805 865 2179 949; x_wconf 84' lang='lat' dir='ltr'><strong>Caeterum,</strong></span> 
     </span>
     <span class='ocr_line' id='line_1_5' title="bbox 275 964 2177 1049; baseline 0.002 -19"><span class='ocrx_word' id='word_1_26' title='bbox 275 969 428 1030; x_wconf 80' lang='lat' dir='ltr'><strong>tota</strong></span> <span class='ocrx_word' id='word_1_27' title='bbox 456 964 612 1029; x_wconf 83' lang='lat' dir='ltr'><strong>vita</strong></span> <span class='ocrx_word' id='word_1_28' title='bbox 631 965 904 1048; x_wconf 77' lang='lat' dir='ltr'><strong>integer</strong></span> <span class='ocrx_word' id='word_1_29' title='bbox 947 965 1024 1032; x_wconf 89' lang='lat' dir='ltr'><strong>in</strong></span> <span class='ocrx_word' id='word_1_30' title='bbox 1064 965 1224 1043; x_wconf 87' lang='lat' dir='ltr'><strong>fide,</strong></span> <span class='ocrx_word' id='word_1_31' title='bbox 1251 965 1424 1030; x_wconf 80' lang='lat' dir='ltr'><strong>nihil</strong></span> <span class='ocrx_word' id='word_1_32' title='bbox 1452 966 1639 1049; x_wconf 87' lang='lat' dir='ltr'><strong>quod</strong></span> <span class='ocrx_word' id='word_1_33' title='bbox 1667 966 1923 1032; x_wconf 86' lang='lat' dir='ltr'><strong>famam</strong></span> <span class='ocrx_word' id='word_1_34' title='bbox 1966 968 2177 1034; x_wconf 75' lang='lat' dir='ltr'><strong>laede-</strong></span> 
     </span>
     <span class='ocr_line' id='line_1_6' title="bbox 271 1060 2177 1150; baseline 0.003 -22"><span class='ocrx_word' id='word_1_35' title='bbox 271 1070 378 1130; x_wconf 91' lang='lat' dir='ltr'><strong>ret</strong></span> <span class='ocrx_word' id='word_1_36' title='bbox 405 1065 796 1132; x_wconf 81' lang='lat' dir='ltr'><strong>commisit:</strong></span> <span class='ocrx_word' id='word_1_37' title='bbox 843 1066 1337 1132; x_wconf 81' lang='lat' dir='ltr'><strong>monasterium</strong></span> <span class='ocrx_word' id='word_1_38' title='bbox 1367 1085 1645 1150; x_wconf 86' lang='lat' dir='ltr'><strong>quoque</strong></span> <span class='ocrx_word' id='word_1_39' title='bbox 1672 1060 1909 1132; x_wconf 78' lang='lat' dir='ltr'><strong>¹extra</strong></span> <span class='ocrx_word' id='word_1_40' title='bbox 1940 1087 2177 1133; x_wconf 87' lang='lat' dir='ltr'><strong>muros</strong></span> 
     </span>
     <span class='ocr_line' id='line_1_7' title="bbox 273 1162 2177 1251; baseline 0.002 -19"><span class='ocrx_word' id='word_1_41' title='bbox 273 1162 706 1243; x_wconf 82' lang='lat' dir='ltr'><strong>Cantuariae,</strong></span> <span class='ocrx_word' id='word_1_42' title='bbox 765 1165 952 1248; x_wconf 86' lang='lat' dir='ltr'><strong>quod</strong></span> <span class='ocrx_word' id='word_1_43' title='bbox 1031 1173 1230 1251; x_wconf 88' lang='lat' dir='ltr'><strong>pater</strong></span> <span class='ocrx_word' id='word_1_44' title='bbox 1281 1166 1719 1245; x_wconf 84' lang='lat' dir='ltr'><strong>fundaverat,</strong></span> <span class='ocrx_word' id='word_1_45' title='bbox 1775 1167 2177 1251; x_wconf 74' lang='lat' dir='ltr'><strong>ingentibus</strong></span> 
     </span>
     <span class='ocr_line' id='line_1_8' title="bbox 271 1265 2174 1352; baseline 0.003 -22"><span class='ocrx_word' id='word_1_46' title='bbox 271 1265 556 1348; x_wconf 78' lang='lat' dir='ltr'><strong>praediis</strong></span> <span class='ocrx_word' id='word_1_47' title='bbox 605 1274 678 1332; x_wconf 89' lang='lat' dir='ltr'><strong>et</strong></span> <span class='ocrx_word' id='word_1_48' title='bbox 714 1266 1154 1349; x_wconf 76' lang='lat' dir='ltr'><strong>amplissimis</strong></span> <span class='ocrx_word' id='word_1_49' title='bbox 1181 1267 1488 1334; x_wconf 83' lang='lat' dir='ltr'><strong>donariis</strong></span> <span class='ocrx_word' id='word_1_50' title='bbox 1528 1267 1908 1333; x_wconf 80' lang='lat' dir='ltr'><strong>illustravit</strong></span> <span class='ocrx_word' id='word_1_51' title='bbox 1934 1291 1955 1334; x_wconf 72' lang='grc' dir='ltr'><em>τ</em></span> <span class='ocrx_word' id='word_1_52' title='bbox 2000 1277 2174 1352; x_wconf 84' lang='lat' dir='ltr'><strong>q&#39;uo-</strong></span> 
     </span>
     <span class='ocr_line' id='line_1_9' title="bbox 268 1366 2175 1450; baseline 0.003 -20"><span class='ocrx_word' id='word_1_53' title='bbox 268 1385 424 1432; x_wconf 87' lang='lat' dir='ltr'><strong>rum</strong></span> <span class='ocrx_word' id='word_1_54' title='bbox 467 1366 716 1435; x_wconf 84' lang='lat' dir='ltr'><strong>laudes</strong></span> <span class='ocrx_word' id='word_1_55' title='bbox 757 1373 831 1431; x_wconf 89' lang='lat' dir='ltr'><strong>et</strong></span> <span class='ocrx_word' id='word_1_56' title='bbox 879 1367 1128 1432; x_wconf 85' lang='lat' dir='ltr'><strong>merita</strong></span> <span class='ocrx_word' id='word_1_57' title='bbox 1175 1387 1416 1432; x_wconf 87' lang='lat' dir='ltr'><strong>omnes</strong></span> <span class='ocrx_word' id='word_1_58' title='bbox 1443 1366 1665 1449; x_wconf 82' lang='lat' dir='ltr'><strong>Angli</strong></span> <span class='ocrx_word' id='word_1_59' title='bbox 1708 1369 2057 1450; x_wconf 78' lang='lat' dir='ltr'><strong>suspicere</strong></span> <span class='ocrx_word' id='word_1_60' title='bbox 2100 1378 2175 1436; x_wconf 91' lang='lat' dir='ltr'><strong>et</strong></span> 
     </span>
     <span class='ocr_line' id='line_1_10' title="bbox 265 1465 2177 1550; baseline 0.003 -20"><span class='ocrx_word' id='word_1_61' title='bbox 265 1467 654 1548; x_wconf 76' lang='lat' dir='ltr'><strong>praedicase</strong></span> <span class='ocrx_word' id='word_1_62' title='bbox 681 1465 1053 1544; x_wconf 84' lang='lat' dir='ltr'><strong>debebunt,</strong></span> <span class='ocrx_word' id='word_1_63' title='bbox 1079 1468 1264 1550; x_wconf 87' lang='lat' dir='ltr'><strong>quod</strong></span> <span class='ocrx_word' id='word_1_64' title='bbox 1297 1467 1763 1532; x_wconf 72' lang='lat' dir='ltr'><strong>Christianam</strong></span> <span class='ocrx_word' id='word_1_65' title='bbox 1784 1468 1990 1536; x_wconf 84' lang='lat' dir='ltr'><strong>fidem</strong></span> <span class='ocrx_word' id='word_1_66' title='bbox 2032 1470 2177 1536; x_wconf 88' lang='lat' dir='ltr'><strong>leni</strong></span> 
     </span>
     <span class='ocr_line' id='line_1_11' title="bbox 265 1566 2177 1651; baseline 0.001 -19"><span class='ocrx_word' id='word_1_67' title='bbox 265 1566 682 1632; x_wconf 79' lang='lat' dir='ltr'><strong>credulitate</strong></span> <span class='ocrx_word' id='word_1_68' title='bbox 711 1574 784 1632; x_wconf 87' lang='lat' dir='ltr'><strong>et</strong></span> <span class='ocrx_word' id='word_1_69' title='bbox 807 1567 1090 1635; x_wconf 83' lang='lat' dir='ltr'><strong>credula</strong></span> <span class='ocrx_word' id='word_1_70' title='bbox 1114 1568 1404 1633; x_wconf 86' lang='lat' dir='ltr'><strong>lenitate</strong></span> <span class='ocrx_word' id='word_1_71' title='bbox 1431 1566 1717 1651; x_wconf 76' lang='lat' dir='ltr'><strong>Anguae</strong></span> <span class='ocrx_word' id='word_1_72' title='bbox 1748 1569 2177 1634; x_wconf 79' lang='lat' dir='ltr'><strong>invalescere</strong></span> 
     </span>
     <span class='ocr_line' id='line_1_12' title="bbox 265 1665 2177 1754; baseline -0.001 -20"><span class='ocrx_word' id='word_1_73' title='bbox 265 1668 730 1751; x_wconf 80' lang='lat' dir='ltr'><strong>permiserint.</strong></span> <span class='ocrx_word' id='word_1_74' title='bbox 835 1665 1013 1746; x_wconf 80' lang='lat' dir='ltr'><strong>Quis</strong></span> <span class='ocrx_word' id='word_1_75' title='bbox 1045 1669 1230 1734; x_wconf 88' lang='lat' dir='ltr'><strong>enim</strong></span> <span class='ocrx_word' id='word_1_76' title='bbox 1273 1688 1410 1736; x_wconf 89' lang='lat' dir='ltr'><strong>non</strong></span> <span class='ocrx_word' id='word_1_77' title='bbox 1443 1669 1753 1754; x_wconf 68' lang='lat' dir='ltr'><strong>Jocnnde</strong></span> <span class='ocrx_word' id='word_1_78' title='bbox 1780 1670 2177 1753; x_wconf 86' lang='lat' dir='ltr'><strong>speculetur</strong></span> 
     </span>
     <span class='ocr_line' id='line_1_13' title="bbox 262 1767 2175 1852; baseline 0.001 -20"><span class='ocrx_word' id='word_1_79' title='bbox 262 1775 612 1852; x_wconf 81' lang='lat' dir='ltr'><strong>quantum</strong></span> <span class='ocrx_word' id='word_1_80' title='bbox 657 1768 974 1850; x_wconf 82' lang='lat' dir='ltr'><strong>aequitati</strong></span> <span class='ocrx_word' id='word_1_81' title='bbox 1016 1767 1406 1847; x_wconf 81' lang='lat' dir='ltr'><strong>conveniat,</strong></span> <span class='ocrx_word' id='word_1_82' title='bbox 1449 1776 1790 1852; x_wconf 88' lang='lat' dir='ltr'><strong>qnantum</strong></span> <span class='ocrx_word' id='word_1_83' title='bbox 1830 1770 2175 1834; x_wconf 74' lang='lat' dir='ltr'><strong>duloedini</strong></span> 
     </span>
     <span class='ocr_line' id='line_1_14' title="bbox 263 1868 2173 1952; baseline 0 -18"><span class='ocrx_word' id='word_1_84' title='bbox 263 1869 598 1934; x_wconf 79' lang='lat' dir='ltr'><strong>concinat</strong></span> <span class='ocrx_word' id='word_1_85' title='bbox 623 1887 1032 1951; x_wconf 84' lang='lat' dir='ltr'><strong>responsum</strong></span> <span class='ocrx_word' id='word_1_86' title='bbox 1073 1868 1248 1936; x_wconf 87' lang='lat' dir='ltr'><strong>illud</strong></span> <span class='ocrx_word' id='word_1_87' title='bbox 1287 1868 1472 1952; x_wconf 84' lang='lat' dir='ltr'><strong>regis</strong></span> <span class='ocrx_word' id='word_1_88' title='bbox 1501 1869 1943 1947; x_wconf 86' lang='lat' dir='ltr'><strong>Etherirhti,</strong></span> <span class='ocrx_word' id='word_1_89' title='bbox 1986 1870 2173 1951; x_wconf 87' lang='lat' dir='ltr'><strong>quod</strong></span> 
     </span>
     <span class='ocr_line' id='line_1_15' title="bbox 263 1963 2173 2052; baseline 0.001 -19"><span class='ocrx_word' id='word_1_90' title='bbox 263 1988 424 2034; x_wconf 87' lang='lat' dir='ltr'><strong>eum</strong></span> <span class='ocrx_word' id='word_1_91' title='bbox 475 1969 720 2051; x_wconf 72' lang='lat' dir='ltr'><strong>primae</strong></span> <span class='ocrx_word' id='word_1_92' title='bbox 771 1969 1248 2052; x_wconf 72' lang='lat' dir='ltr'><strong>praedicationi</strong></span> <span class='ocrx_word' id='word_1_93' title='bbox 1275 1967 1660 2052; x_wconf 76' lang='lat' dir='ltr'><strong>Augustini</strong></span> <span class='ocrx_word' id='word_1_94' title='bbox 1700 1963 1935 2034; x_wconf 79' lang='lat' dir='ltr'><strong>&#39;Beda</strong></span> <span class='ocrx_word' id='word_1_95' title='bbox 1984 1977 2173 2035; x_wconf 86' lang='lat' dir='ltr'><strong>retu·</strong></span> 
     </span>
     <span class='ocr_line' id='line_1_16' title="bbox 263 2069 2175 2152; baseline 0.001 -20"><span class='ocrx_word' id='word_1_96' title='bbox 263 2069 432 2134; x_wconf 79' lang='lat' dir='ltr'><strong>lisso</strong></span> <span class='ocrx_word' id='word_1_97' title='bbox 463 2077 713 2136; x_wconf 85' lang='lat' dir='ltr'><strong>narrat</strong></span> <span class='ocrx_word' id='word_1_98' title='bbox 733 2071 1009 2138; x_wconf 70' lang='lat' dir='ltr'><strong>‘t--non</strong></span> <span class='ocrx_word' id='word_1_99' title='bbox 1037 2089 1244 2152; x_wconf 86' lang='lat' dir='ltr'><strong>posse</strong></span> <span class='ocrx_word' id='word_1_100' title='bbox 1275 2089 1352 2134; x_wconf 84' lang='lat' dir='ltr'><strong>se</strong></span> <span class='ocrx_word' id='word_1_101' title='bbox 1383 2089 1587 2135; x_wconf 81' lang='lat' dir='ltr'><strong>novae</strong></span> <span class='ocrx_word' id='word_1_102' title='bbox 1616 2077 1827 2134; x_wconf 83' lang='lat' dir='ltr'><strong>sectae</strong></span> <span class='ocrx_word' id='word_1_103' title='bbox 1856 2076 2001 2134; x_wconf 88' lang='lat' dir='ltr'><strong>tam</strong></span> <span class='ocrx_word' id='word_1_104' title='bbox 2030 2071 2175 2135; x_wconf 92' lang='lat' dir='ltr'><strong>cito</strong></span> 
     </span>
     <span class='ocr_line' id='line_1_17' title="bbox 261 2169 2177 2253; baseline -0.001 -17"><span class='ocrx_word' id='word_1_105' title='bbox 261 2171 580 2236; x_wconf 88' lang='lat' dir='ltr'><strong>animum</strong></span> <span class='ocrx_word' id='word_1_106' title='bbox 621 2169 969 2248; x_wconf 87' lang='lat' dir='ltr'><strong>adhibere,</strong></span> <span class='ocrx_word' id='word_1_107' title='bbox 1026 2171 1288 2236; x_wconf 87' lang='lat' dir='ltr'><strong>relictis</strong></span> <span class='ocrx_word' id='word_1_108' title='bbox 1337 2171 1639 2236; x_wconf 86' lang='lat' dir='ltr'><strong>cultibus</strong></span> <span class='ocrx_word' id='word_1_109' title='bbox 1683 2188 1859 2252; x_wconf 90' lang='lat' dir='ltr'><strong>qnos</strong></span> <span class='ocrx_word' id='word_1_110' title='bbox 1902 2189 2177 2253; x_wconf 82' lang='lat' dir='ltr'><strong>semper</strong></span> 
     </span>
     <span class='ocr_line' id='line_1_18' title="bbox 261 2269 2173 2353; baseline 0 -19"><span class='ocrx_word' id='word_1_111' title='bbox 261 2271 664 2338; x_wconf 84' lang='lat' dir='ltr'><strong>exercuerit</strong></span> <span class='ocrx_word' id='word_1_112' title='bbox 729 2290 887 2337; x_wconf 88' lang='lat' dir='ltr'><strong>cum</strong></span> <span class='ocrx_word' id='word_1_113' title='bbox 944 2278 1097 2339; x_wconf 82' lang='lat' dir='ltr'><strong>tota</strong></span> <span class='ocrx_word' id='word_1_114' title='bbox 1147 2269 1540 2353; x_wconf 84' lang='lat' dir='ltr'><strong>Anglorum</strong></span> <span class='ocrx_word' id='word_1_115' title='bbox 1593 2276 1841 2352; x_wconf 86' lang='lat' dir='ltr'><strong>gente;</strong></span> <span class='ocrx_word' id='word_1_116' title='bbox 1919 2289 2173 2336; x_wconf 81' lang='lat' dir='ltr'><strong>verun-</strong></span> 
     </span>
     <span class='ocr_line' id='line_1_19' title="bbox 261 2370 2181 2454; baseline 0 -18"><span class='ocrx_word' id='word_1_117' title='bbox 261 2379 508 2438; x_wconf 89' lang='lat' dir='ltr'><strong>tamen</strong></span> <span class='ocrx_word' id='word_1_118' title='bbox 561 2371 756 2437; x_wconf 85' lang='lat' dir='ltr'><strong>nulla</strong></span> <span class='ocrx_word' id='word_1_119' title='bbox 809 2371 968 2438; x_wconf 85' lang='lat' dir='ltr'><strong>illos</strong></span> <span class='ocrx_word' id='word_1_120' title='bbox 1015 2371 1334 2438; x_wconf 88' lang='lat' dir='ltr'><strong>molestia</strong></span> <span class='ocrx_word' id='word_1_121' title='bbox 1389 2370 1929 2447; x_wconf 82' lang='lat' dir='ltr'><strong>exacerbandos,</strong></span> <span class='ocrx_word' id='word_1_122' title='bbox 2000 2370 2181 2454; x_wconf 87' lang='lat' dir='ltr'><strong>quin·</strong></span> 
     </span>
     <span class='ocr_line' id='line_1_20' title="bbox 262 2465 2175 2557; baseline -0.002 -18"><span class='ocrx_word' id='word_1_123' title='bbox 262 2465 542 2557; x_wconf 79' lang='lat' dir='ltr'><strong>⁸potius</strong></span> <span class='ocrx_word' id='word_1_124' title='bbox 569 2471 1082 2556; x_wconf 74' lang='lat' dir='ltr'><strong>praedicationis</strong></span> <span class='ocrx_word' id='word_1_125' title='bbox 1107 2471 1446 2555; x_wconf 85' lang='lat' dir='ltr'><strong>permissu</strong></span> <span class='ocrx_word' id='word_1_126' title='bbox 1475 2479 1548 2537; x_wconf 90' lang='lat' dir='ltr'><strong>et</strong></span> <span class='ocrx_word' id='word_1_127' title='bbox 1574 2471 1805 2555; x_wconf 88' lang='lat' dir='ltr'><strong>amplo</strong></span> <span class='ocrx_word' id='word_1_128' title='bbox 1826 2471 2019 2537; x_wconf 81' lang='lat' dir='ltr'><strong>victu</strong></span> <span class='ocrx_word' id='word_1_129' title='bbox 2052 2469 2175 2556; x_wconf 87' lang='lat' dir='ltr'><strong>ju-</strong></span> 
     </span>
     <span class='ocr_line' id='line_1_21' title="bbox 262 2572 2273 2657; baseline -0 -18"><span class='ocrx_word' id='word_1_130' title='bbox 262 2574 564 2652; x_wconf 59' lang='lat' dir='ltr'><strong>nudos,</strong></span> <span class='ocrx_word' id='word_1_131' title='bbox 596 2573 781 2657; x_wconf 84' lang='lat' dir='ltr'><strong>quod</strong></span> <span class='ocrx_word' id='word_1_132' title='bbox 819 2581 964 2639; x_wconf 91' lang='lat' dir='ltr'><strong>tam</strong></span> <span class='ocrx_word' id='word_1_133' title='bbox 1006 2574 1288 2655; x_wconf 83' lang='lat' dir='ltr'><strong>longam</strong></span> <span class='ocrx_word' id='word_1_134' title='bbox 1318 2592 1367 2637; x_wconf 90' lang='lat' dir='ltr'><strong>a</strong></span> <span class='ocrx_word' id='word_1_135' title='bbox 1411 2572 1631 2638; x_wconf 85' lang='lat' dir='ltr'><strong>natali</strong></span> <span class='ocrx_word' id='word_1_136' title='bbox 1673 2572 1824 2637; x_wconf 91' lang='lat' dir='ltr'><strong>solo</strong></span> <span class='ocrx_word' id='word_1_137' title='bbox 1871 2574 2179 2655; x_wconf 83' lang='lat' dir='ltr'><strong>peregri·</strong></span> <span class='ocrx_word' id='word_1_138' title='bbox 2263 2591 2273 2598; x_wconf 89' lang='lat'>·</span> 
     </span>
     <span class='ocr_line' id='line_1_22' title="bbox 258 2672 2177 2757; baseline -0.001 -18"><span class='ocrx_word' id='word_1_139' title='bbox 258 2675 624 2741; x_wconf 74' lang='lat' dir='ltr'><strong>nationem</strong></span> <span class='ocrx_word' id='word_1_140' title='bbox 669 2674 1099 2757; x_wconf 83' lang='lat' dir='ltr'><strong>susceperint</strong></span> <span class='ocrx_word' id='word_1_141' title='bbox 1139 2681 1222 2739; x_wconf 89' lang='lat' dir='ltr'><strong>ut</strong></span> <span class='ocrx_word' id='word_1_142' title='bbox 1245 2672 1500 2755; x_wconf 81' lang='lat' dir='ltr'><strong>Anglis</strong></span> <span class='ocrx_word' id='word_1_143' title='bbox 1538 2690 1697 2756; x_wconf 82' lang='lat' dir='ltr'><strong>quae</strong></span> <span class='ocrx_word' id='word_1_144' title='bbox 1738 2674 2003 2755; x_wconf 84' lang='lat' dir='ltr'><strong>optima</strong></span> <span class='ocrx_word' id='word_1_145' title='bbox 2044 2692 2177 2755; x_wconf 86' lang='lat' dir='ltr'><strong>pu-</strong></span> 
     </span>
     <span class='ocr_line' id='line_1_23' title="bbox 257 2772 2175 2857; baseline -0.002 -14"><span class='ocrx_word' id='word_1_146' title='bbox 257 2778 520 2843; x_wconf 80' lang='lat' dir='ltr'><strong>tabant</strong></span> <span class='ocrx_word' id='word_1_147' title='bbox 606 2774 993 2857; x_wconf 82' lang='lat' dir='ltr'><strong>indulgenti</strong></span> <span class='ocrx_word' id='word_1_148' title='bbox 1068 2772 1495 2856; x_wconf 78' lang='lat' dir='ltr'><strong>benignitate</strong></span> <span class='ocrx_word' id='word_1_149' title='bbox 1567 2772 2175 2839; x_wconf 87' lang='lat' dir='ltr'><strong>communicarent.</strong></span> 
     </span>
     <span class='ocr_line' id='line_1_24' title="bbox 261 2867 2175 2959; baseline -0.003 -16"><span class='ocrx_word' id='word_1_150' title='bbox 261 2876 426 2943; x_wconf 87' lang='lat' dir='ltr'><strong>Nec</strong></span> <span class='ocrx_word' id='word_1_151' title='bbox 455 2874 640 2941; x_wconf 82' lang='lat' dir='ltr'><strong>infra</strong></span> <span class='ocrx_word' id='word_1_152' title='bbox 653 2874 1174 2959; x_wconf 84' lang='lat' dir='ltr'><strong>promissionem</strong></span> <span class='ocrx_word' id='word_1_153' title='bbox 1191 2873 1445 2939; x_wconf 84' lang='lat' dir='ltr'><strong>factum</strong></span> <span class='ocrx_word' id='word_1_154' title='bbox 1463 2873 1599 2939; x_wconf 87' lang='lat' dir='ltr'><strong>fuit</strong></span> <span class='ocrx_word' id='word_1_155' title='bbox 1624 2867 2034 2950; x_wconf 77' lang='lat' dir='ltr'><strong>4remissius,</strong></span> <span class='ocrx_word' id='word_1_156' title='bbox 2050 2872 2175 2938; x_wconf 86' lang='lat' dir='ltr'><strong>do-</strong></span> 
     </span>
     <span class='ocr_line' id='line_1_25' title="bbox 259 2973 2176 3059; baseline -0.003 -18"><span class='ocrx_word' id='word_1_157' title='bbox 259 2996 398 3042; x_wconf 88' lang='lat' dir='ltr'><strong>nec</strong></span> <span class='ocrx_word' id='word_1_158' title='bbox 435 2976 703 3049; x_wconf 79' lang='lat' dir='ltr'><strong>¹sensim</strong></span> <span class='ocrx_word' id='word_1_159' title='bbox 749 2976 1118 3059; x_wconf 85' lang='lat' dir='ltr'><strong>explorata</strong></span> <span class='ocrx_word' id='word_1_160' title='bbox 1167 2974 1327 3041; x_wconf 83' lang='lat' dir='ltr'><strong>fidei</strong></span> <span class='ocrx_word' id='word_1_161' title='bbox 1369 2974 1665 3040; x_wconf 82' lang='lat' dir='ltr'><strong>veritate</strong></span> <span class='ocrx_word' id='word_1_162' title='bbox 1707 2985 1779 3039; x_wconf 90' lang='lat' dir='ltr'><strong>et</strong></span> <span class='ocrx_word' id='word_1_163' title='bbox 1825 2973 1975 3055; x_wconf 89' lang='lat' dir='ltr'><strong>ipse</strong></span> <span class='ocrx_word' id='word_1_164' title='bbox 2018 2992 2176 3036; x_wconf 90' lang='lat' dir='ltr'><strong>cum</strong></span> 
     </span>
     <span class='ocr_line' id='line_1_26' title="bbox 258 3071 2178 3161; baseline -0.003 -18"><span class='ocrx_word' id='word_1_165' title='bbox 258 3076 606 3161; x_wconf 84' lang='lat' dir='ltr'><strong>subjectis</strong></span> <span class='ocrx_word' id='word_1_166' title='bbox 684 3095 970 3143; x_wconf 87' lang='lat' dir='ltr'><strong>numero</strong></span> <span class='ocrx_word' id='word_1_167' title='bbox 1021 3074 1326 3141; x_wconf 85' lang='lat' dir='ltr'><strong>fidelium</strong></span> <span class='ocrx_word' id='word_1_168' title='bbox 1379 3076 1685 3140; x_wconf 86' lang='lat' dir='ltr'><strong>sociatus</strong></span> <span class='ocrx_word' id='word_1_169' title='bbox 1752 3081 1883 3138; x_wconf 83' lang='lat' dir='ltr'><strong>est.</strong></span> <span class='ocrx_word' id='word_1_170' title='bbox 1988 3071 2178 3152; x_wconf 84' lang='lat' dir='ltr'><strong>Quid</strong></span> 
     </span>
     <span class='ocr_line' id='line_1_27' title="bbox 257 3172 2197 3259; baseline -0.004 -15"><span class='ocrx_word' id='word_1_171' title='bbox 257 3180 400 3257; x_wconf 80' lang='lat' dir='ltr'><strong>iste</strong></span> <span class='ocrx_word' id='word_1_172' title='bbox 419 3179 450 3243; x_wconf 72' lang='lat' dir='ltr'><strong>&#39;l</strong></span> <span class='ocrx_word' id='word_1_173' title='bbox 499 3196 732 3243; x_wconf 88' lang='lat' dir='ltr'><strong>nonne</strong></span> <span class='ocrx_word' id='word_1_174' title='bbox 761 3177 984 3259; x_wconf 84' lang='lat' dir='ltr'><strong>primo</strong></span> <span class='ocrx_word' id='word_1_175' title='bbox 1011 3183 1320 3259; x_wconf 87' lang='lat' dir='ltr'><strong>tempore</strong></span> <span class='ocrx_word' id='word_1_176' title='bbox 1347 3176 1573 3258; x_wconf 86' lang='lat' dir='ltr'><strong>magis</strong></span> <span class='ocrx_word' id='word_1_177' title='bbox 1602 3172 1831 3240; x_wconf 86' lang='lat' dir='ltr'><strong>carnis</strong></span> <span class='ocrx_word' id='word_1_178' title='bbox 1852 3172 2197 3247; x_wconf 63' lang='lat' dir='ltr'><strong>illecebra,</strong></span> 
     </span>
     <span class='ocr_line' id='line_1_28' title="bbox 259 3275 2177 3363; baseline -0.003 -20"><span class='ocrx_word' id='word_1_179' title='bbox 259 3298 482 3363; x_wconf 89' lang='lat' dir='ltr'><strong>quam</strong></span> <span class='ocrx_word' id='word_1_180' title='bbox 531 3276 744 3341; x_wconf 89' lang='lat' dir='ltr'><strong>animi</strong></span> <span class='ocrx_word' id='word_1_181' title='bbox 791 3275 1256 3342; x_wconf 84' lang='lat' dir='ltr'><strong>obstinatione</strong></span> <span class='ocrx_word' id='word_1_182' title='bbox 1315 3275 1625 3352; x_wconf 80' lang='lat' dir='ltr'><strong>devians,</strong></span> <span class='ocrx_word' id='word_1_183' title='bbox 1683 3292 2006 3359; x_wconf 82' lang='lat' dir='ltr'><strong>magnam</strong></span> <span class='ocrx_word' id='word_1_184' title='bbox 2068 3281 2177 3337; x_wconf 89' lang='lat' dir='ltr'><strong>ta-</strong></span> 
     </span>
     <span class='ocr_line' id='line_1_29' title="bbox 257 3372 2177 3462; baseline -0.004 -18"><span class='ocrx_word' id='word_1_185' title='bbox 257 3400 427 3444; x_wconf 89' lang='lat' dir='ltr'><strong>men</strong></span> <span class='ocrx_word' id='word_1_186' title='bbox 490 3378 658 3443; x_wconf 84' lang='lat' dir='ltr'><strong>vitae</strong></span> <span class='ocrx_word' id='word_1_187' title='bbox 732 3378 1136 3462; x_wconf 90' lang='lat' dir='ltr'><strong>pontificum</strong></span> <span class='ocrx_word' id='word_1_188' title='bbox 1203 3372 1574 3440; x_wconf 84' lang='lat' dir='ltr'><strong>exhibebat</strong></span> <span class='ocrx_word' id='word_1_189' title='bbox 1639 3373 2177 3451; x_wconf 81' lang='lat' dir='ltr'><strong>venerationem,</strong></span> 
     </span>
     <span class='ocr_line' id='line_1_30' title="bbox 256 3472 2188 3565; baseline -0.003 -20"><span class='ocrx_word' id='word_1_190' title='bbox 256 3498 566 3565; x_wconf 87' lang='lat' dir='ltr'><strong>quorum</strong></span> <span class='ocrx_word' id='word_1_191' title='bbox 633 3478 1030 3562; x_wconf 86' lang='lat' dir='ltr'><strong>negligebat</strong></span> <span class='ocrx_word' id='word_1_192' title='bbox 1077 3476 1282 3541; x_wconf 87' lang='lat' dir='ltr'><strong>fidem</strong></span> <span class='ocrx_word' id='word_1_193' title='bbox 1303 3478 1334 3541; x_wconf 67' lang='lat' dir='ltr'><strong>&#39;l</strong></span> <span class='ocrx_word' id='word_1_194' title='bbox 1393 3476 1714 3559; x_wconf 89' lang='lat' dir='ltr'><strong>denique,</strong></span> <span class='ocrx_word' id='word_1_195' title='bbox 1752 3486 1833 3538; x_wconf 89' lang='lat' dir='ltr'><strong>ut</strong></span> <span class='ocrx_word' id='word_1_196' title='bbox 1870 3472 2043 3550; x_wconf 84' lang='lat' dir='ltr'><strong>dixi,</strong></span> <span class='ocrx_word' id='word_1_197' title='bbox 2088 3474 2188 3565; x_wconf 27' lang='lat' dir='ltr'><strong>ob·</strong></span> 
     </span>
     <span class='ocr_line' id='line_1_31' title="bbox 257 3576 2179 3661; baseline -0.005 -14"><span class='ocrx_word' id='word_1_198' title='bbox 257 3582 476 3647; x_wconf 84' lang='lat' dir='ltr'><strong>unius</strong></span> <span class='ocrx_word' id='word_1_199' title='bbox 505 3578 708 3645; x_wconf 83' lang='lat' dir='ltr'><strong>facile</strong></span> <span class='ocrx_word' id='word_1_200' title='bbox 740 3597 1116 3644; x_wconf 86' lang='lat' dir='ltr'><strong>conversus</strong></span> <span class='ocrx_word' id='word_1_201' title='bbox 1148 3576 1500 3661; x_wconf 89' lang='lat' dir='ltr'><strong>injuriam,</strong></span> <span class='ocrx_word' id='word_1_202' title='bbox 1530 3594 1786 3657; x_wconf 84' lang='lat' dir='ltr'><strong>magno</strong></span> <span class='ocrx_word' id='word_1_203' title='bbox 1828 3580 2179 3640; x_wconf 91' lang='lat' dir='ltr'><strong>momento</strong></span> 
     </span>
     <span class='ocr_line' id='line_1_32' title="bbox 259 3666 2180 3761; baseline -0.006 -14"><span class='ocrx_word' id='word_1_204' title='bbox 259 3679 822 3749; x_wconf 85' lang='lat' dir='ltr'><strong>Christianitatis</strong></span> <span class='ocrx_word' id='word_1_205' title='bbox 849 3670 1267 3761; x_wconf 80' lang='lat' dir='ltr'><strong>⁵augmentis</strong></span> <span class='ocrx_word' id='word_1_206' title='bbox 1294 3677 1450 3743; x_wconf 87' lang='lat' dir='ltr'><strong>fuit.</strong></span> <span class='ocrx_word' id='word_1_207' title='bbox 1513 3674 1743 3741; x_wconf 85' lang='lat' dir='ltr'><strong>Ambo</strong></span> <span class='ocrx_word' id='word_1_208' title='bbox 1760 3673 1976 3756; x_wconf 85' lang='lat' dir='ltr'><strong>igitur</strong></span> <span class='ocrx_word' id='word_1_209' title='bbox 1990 3666 2180 3738; x_wconf 83' lang='lat' dir='ltr'><strong>⁶lau-</strong></span> 
     </span>
     <span class='ocr_line' id='line_1_33' title="bbox 257 3772 2182 3862; baseline -0.004 -14"><span class='ocrx_word' id='word_1_210' title='bbox 257 3781 560 3859; x_wconf 73' lang='lat' dir='ltr'><strong>dabileS,</strong></span> <span class='ocrx_word' id='word_1_211' title='bbox 623 3782 825 3855; x_wconf 80' lang='lat' dir='ltr'><strong>ambo</strong></span> <span class='ocrx_word' id='word_1_212' title='bbox 879 3778 1270 3862; x_wconf 85' lang='lat' dir='ltr'><strong>profusiora</strong></span> <span class='ocrx_word' id='word_1_213' title='bbox 1323 3776 1673 3861; x_wconf 86' lang='lat' dir='ltr'><strong>praeconia</strong></span> <span class='ocrx_word' id='word_1_214' title='bbox 1728 3772 2020 3851; x_wconf 86' lang='lat' dir='ltr'><strong>emeriti,</strong></span> <span class='ocrx_word' id='word_1_215' title='bbox 2087 3772 2182 3841; x_wconf 87' lang='lat' dir='ltr'><strong>si·</strong></span> 
     </span>
    </p>
   </div>
   <div class='ocr_carea' id='block_1_3' title="bbox 259 3976 2189 4448">
    <p class='ocr_par' dir='ltr' id='par_1_3' title="bbox 259 3976 2181 4200">
     <span class='ocr_line' id='line_1_34' title="bbox 333 3976 2181 4085; baseline -0.009 -39"><span class='ocrx_word' id='word_1_216' title='bbox 333 3994 347 4025; x_wconf 93' lang='lat'><strong>¹</strong></span> <span class='ocrx_word' id='word_1_217' title='bbox 373 3990 552 4077; x_wconf 55' lang='lat' dir='ltr'><strong>Eaetra</strong></span> <span class='ocrx_word' id='word_1_218' title='bbox 570 4008 738 4085; x_wconf 56' lang='lat' dir='ltr'><strong>‚vitum</strong></span> <span class='ocrx_word' id='word_1_219' title='bbox 762 3988 1091 4056; x_wconf 64' lang='lat' dir='ltr'><strong>Cantuan‘ae]</strong></span> <span class='ocrx_word' id='word_1_220' title='bbox 1125 3990 1201 4039; x_wconf 82' lang='lat' dir='ltr'><strong>St.</strong></span> <span class='ocrx_word' id='word_1_221' title='bbox 1237 4004 1243 4009; x_wconf 93' lang='lat'>·</span> <span class='ocrx_word' id='word_1_222' title='bbox 1323 3989 1344 4018; x_wconf 80' lang='lat'>³</span> <span class='ocrx_word' id='word_1_223' title='bbox 1370 3976 1713 4051; x_wconf 61' lang='lat' dir='ltr'><strong>Aug-mutis]</strong></span> <span class='ocrx_word' id='word_1_224' title='bbox 1734 3982 1792 4031; x_wconf 80' lang='lat' dir='ltr'><strong><em>S.</em></strong></span> <span class='ocrx_word' id='word_1_225' title='bbox 1817 3982 1888 4030; x_wconf 88' lang='lat' dir='ltr'><strong>D.</strong></span> <span class='ocrx_word' id='word_1_226' title='bbox 1904 3981 1969 4029; x_wconf 91' lang='lat' dir='ltr'><strong><em>E.</em></strong></span> <span class='ocrx_word' id='word_1_227' title='bbox 1989 3978 2051 4029; x_wconf 85' lang='lat' dir='ltr'><strong><em>L.</em></strong></span> <span class='ocrx_word' id='word_1_228' title='bbox 2070 3976 2181 4040; x_wconf 83' lang='lat' dir='ltr'><strong><em>M.;</em></strong></span> 
     </span>
     <span class='ocr_line' id='line_1_35' title="bbox 259 4052 1784 4200; baseline -0.01 -11"><span class='ocrx_word' id='word_1_229' title='bbox 259 4069 566 4200; x_wconf 44' lang='lat' dir='ltr'><strong>Azggfflaffi</strong></span> <span class='ocrx_word' id='word_1_230' title='bbox 583 4079 748 4194; x_wconf 42' lang='lat' dir='ltr'><strong>aeda,</strong></span> <span class='ocrx_word' id='word_1_231' title='bbox 759 4134 850 4182; x_wconf 88' lang='lat' dir='ltr'><strong>lib.</strong></span> <span class='ocrx_word' id='word_1_232' title='bbox 867 4144 905 4181; x_wconf 87' lang='lat'><strong><em>1.</em></strong></span> <span class='ocrx_word' id='word_1_233' title='bbox 921 4147 969 4182; x_wconf 90' lang='lat' dir='ltr'><strong>c.</strong></span> <span class='ocrx_word' id='word_1_234' title='bbox 987 4130 1204 4193; x_wconf 74' lang='lat'><strong><em>25‚§55.</em></strong></span> <span class='ocrx_word' id='word_1_235' title='bbox 1255 4060 1605 4121; x_wconf 60' lang='lat' dir='ltr'><strong>augmentum,</strong></span> <span class='ocrx_word' id='word_1_236' title='bbox 1627 4052 1694 4102; x_wconf 51' lang='lat' dir='ltr'><strong>A·</strong></span> <span class='ocrx_word' id='word_1_237' title='bbox 1724 4053 1784 4101; x_wconf 54' lang='lat' dir='ltr'><strong>C·</strong></span> 
     </span>
    </p>

    <p class='ocr_par' dir='ltr' id='par_1_4' title="bbox 336 4186 2189 4269">
     <span class='ocr_line' id='line_1_36' title="bbox 336 4186 2189 4269; baseline -0.011 -12"><span class='ocrx_word' id='word_1_238' title='bbox 336 4205 360 4237; x_wconf 84' lang='lat'>⁸</span> <span class='ocrx_word' id='word_1_239' title='bbox 379 4205 616 4269; x_wconf 58' lang='lat' dir='ltr'><strong>Pastum]</strong></span> <span class='ocrx_word' id='word_1_240' title='bbox 633 4202 920 4254; x_wconf 90' lang='lat' dir='ltr'><strong><em>D.E.L.M.</em></strong></span> <span class='ocrx_word' id='word_1_241' title='bbox 939 4218 954 4262; x_wconf 87' lang='lat'>;</span> <span class='ocrx_word' id='word_1_242' title='bbox 970 4201 1208 4263; x_wconf 78' lang='lat' dir='ltr'><strong>etiam,c.</strong></span> <span class='ocrx_word' id='word_1_243' title='bbox 1328 4194 1351 4225; x_wconf 81' lang='lat'>⁶</span> <span class='ocrx_word' id='word_1_244' title='bbox 1372 4194 1712 4258; x_wconf 43' lang='lat' dir='ltr'><strong>Laudabile&amp;</strong></span> <span class='ocrx_word' id='word_1_245' title='bbox 1745 4191 1814 4241; x_wconf 77' lang='lat' dir='ltr'><strong><em>A.</em></strong></span> <span class='ocrx_word' id='word_1_246' title='bbox 1848 4190 1999 4239; x_wconf 80' lang='lat' dir='ltr'><strong>reads</strong></span> <span class='ocrx_word' id='word_1_247' title='bbox 2030 4188 2047 4217; x_wconf 91' lang='lat'>‘</span> <span class='ocrx_word' id='word_1_248' title='bbox 2065 4186 2189 4238; x_wconf 81' lang='lat' dir='ltr'><strong>viri’</strong></span> 
     </span>
    </p>

    <p class='ocr_par' dir='ltr' id='par_1_5' title="bbox 273 4260 2187 4448">
     <span class='ocr_line' id='line_1_37' title="bbox 340 4260 2187 4340; baseline -0.012 -11"><span class='ocrx_word' id='word_1_249' title='bbox 340 4274 364 4307; x_wconf 83' lang='lat'><strong>⁴</strong></span> <span class='ocrx_word' id='word_1_250' title='bbox 387 4274 713 4338; x_wconf 54' lang='lat' dir='ltr'><strong>nemesim]</strong></span> <span class='ocrx_word' id='word_1_251' title='bbox 744 4272 812 4324; x_wconf 76' lang='lat' dir='ltr'><strong><em>A.</em></strong></span> <span class='ocrx_word' id='word_1_252' title='bbox 836 4274 906 4323; x_wconf 86' lang='lat' dir='ltr'><strong><em>D.</em></strong></span> <span class='ocrx_word' id='word_1_253' title='bbox 931 4274 997 4324; x_wconf 83' lang='lat' dir='ltr'><strong><em>E.</em></strong></span> <span class='ocrx_word' id='word_1_254' title='bbox 1015 4273 1077 4323; x_wconf 85' lang='lat' dir='ltr'><strong><em>L.</em></strong></span> <span class='ocrx_word' id='word_1_255' title='bbox 1096 4271 1174 4323; x_wconf 83' lang='lat' dir='ltr'><strong><em>M.</em></strong></span> <span class='ocrx_word' id='word_1_256' title='bbox 1195 4287 1210 4331; x_wconf 85' lang='lat'>;</span> <span class='ocrx_word' id='word_1_257' title='bbox 1262 4268 1392 4317; x_wconf 72' lang='lat' dir='ltr'><strong>aner</strong></span> <span class='ocrx_word' id='word_1_258' title='bbox 1428 4263 1744 4340; x_wconf 72' lang='lat' dir='ltr'><strong>‘laudabnes</strong></span> <span class='ocrx_word' id='word_1_259' title='bbox 1760 4262 1793 4325; x_wconf 66' lang='grc' dir='ltr'><strong>ς’</strong></span> <span class='ocrx_word' id='word_1_260' title='bbox 1827 4260 1886 4311; x_wconf 77' lang='lat' dir='ltr'><strong>s,</strong></span> <span class='ocrx_word' id='word_1_261' title='bbox 1927 4261 1987 4310; x_wconf 75' lang='lat' dir='ltr'><strong>c,</strong></span> <span class='ocrx_word' id='word_1_262' title='bbox 2023 4260 2093 4311; x_wconf 86' lang='lat' dir='ltr'><strong><em>D.</em></strong></span> <span class='ocrx_word' id='word_1_263' title='bbox 2121 4260 2187 4307; x_wconf 87' lang='lat' dir='ltr'><strong><em>E.</em></strong></span> 
     </span>
     <span class='ocr_line' id='line_1_38' title="bbox 273 4334 1886 4448; baseline -0.013 -47"><span class='ocrx_word' id='word_1_264' title='bbox 273 4348 332 4401; x_wconf 76' lang='lat' dir='ltr'><strong><em>S.</em></strong></span> <span class='ocrx_word' id='word_1_265' title='bbox 362 4350 428 4399; x_wconf 84' lang='lat' dir='ltr'><strong><em>C.</em></strong></span> <span class='ocrx_word' id='word_1_266' title='bbox 450 4347 578 4397; x_wconf 87' lang='lat' dir='ltr'><strong>omit</strong></span> <span class='ocrx_word' id='word_1_267' title='bbox 597 4346 614 4375; x_wconf 92' lang='lat'>‘</span> <span class='ocrx_word' id='word_1_268' title='bbox 628 4344 929 4395; x_wconf 59' lang='lat' dir='ltr'><strong>remissius?</strong></span> <span class='ocrx_word' id='word_1_269' title='bbox 1262 4339 1326 4389; x_wconf 85' lang='lat' dir='ltr'><strong><em>L.</em></strong></span> <span class='ocrx_word' id='word_1_270' title='bbox 1350 4338 1428 4387; x_wconf 87' lang='lat' dir='ltr'><strong>M.</strong></span> <span class='ocrx_word' id='word_1_271' title='bbox 1451 4336 1576 4385; x_wconf 90' lang='lat' dir='ltr'><strong>omit</strong></span> <span class='ocrx_word' id='word_1_272' title='bbox 1595 4334 1611 4363; x_wconf 87' lang='lat'>‘</span> <span class='ocrx_word' id='word_1_273' title='bbox 1627 4334 1762 4385; x_wconf 57' lang='lat' dir='ltr'><strong>viri)</strong></span> <span class='ocrx_word' id='word_1_274' title='bbox 1804 4412 1834 4448; x_wconf 66' lang='grc' dir='ltr'><strong>ο</strong></span> <span class='ocrx_word' id='word_1_275' title='bbox 1853 4402 1886 4448; x_wconf 65' lang='lat'>2</span> 
     </span>
    </p>
   </div>
  </div>
 </body>
</html>
