3023 5045
829 479 964 546 296
1253 493 1497 544 cusu
1544 493 1801 543 Rsscuu
1848 491 2275 544 Artemam«.
2450 477 2623 558 [mn.
2654 491 2717 540 11

833 671 957 734 per
986 651 1213 715 visum
1259 650 1687 734 apparuerit,
1718 650 2103 735 leniterque
2134 650 2220 716 de
2252 645 2533 714 miseria
2576 669 2739 716 con·

831 758 1117 816 ventum
1153 770 1459 829 suorum,
1491 751 2040 835 insolentiusque
2076 751 2631 834 respondentem,
2662 752 2734 815 in

829 851 1064 935 capite
1113 852 1526 936 perculerit3
1578 871 1719 935 quo
1772 851 2011 916 dolore
2054 858 2345 930 tactum,
2379 854 2454 916 in
2498 851 2737 935 proxi·-

828 973 974 1030 mo,
1010 959 1090 1018 ut
1120 952 1530 1036 praedictum
1574 960 1705 1032 est,
1739 953 2019 1019 obiisse.
2120 952 2311 1018 Dani
2344 952 2735 1017 Cnutonem

831 1052 1054 1116 filium
1113 1051 1351 1118 Swani
1397 1053 1470 1118 in'
1516 1072 1750 1136 regem
1800 1054 2093 1136 eligunt.
2195 1050 2415 1136 Angli
2468 1060 2737 1132 contra,

833 1152 1224 1220 naturalem
1259 1153 1608 1218 dominum
1656 1152 1988 1220 cariorem
2032 1153 2165 1217 sibi
2199 1154 2737 1237 pronunciantes

833 1254 897 1318 si
928 1253 1234 1336 regalius
1285 1274 1361 1318 se
1404 1272 1617 1338 quam
1661 1261 2119 1320 consueverat
2168 1261 2432 1336 ageret,
2475 1273 2516 1317 e
2549 1252 2737 1318 Nor·
2772 1295 2777 1300 -

835 1355 1118 1418 mannia
1148 1353 1564 1419 Edelredum
1596 1361 1983 1420 accersunt.
2088 1353 2223 1419 Ille
2254 1354 2480 1438 primo
2522 1355 2739 1421 mittit

836 1453 1256 1520 Edwardum
1301 1455 1545 1533 filium,
1578 1455 1699 1539 qui
1731 1454 1938 1519 fidem
1981 1454 2394 1539 principum,
2426 1454 2739 1520 favorem

833 1554 1052 1638 vulgi,
1105 1574 1412 1639 praesens
1462 1555 1984 1639 specularetur3
2044 1554 2189 1639 qui,
2246 1555 2366 1620 ubi
2428 1555 2737 1619 omnium

833 1662 1002 1720 vota
1032 1655 1104 1719 in
1136 1657 1390 1721 bonam
1418 1662 1691 1739 partem
1724 1655 1901 1721 vidit
1918 1655 2427 1733 convenientia,-
2444 1674 2739 1720 securus

513 1789 775 1831 „themam
826 1775 963 1839 pro
987 1763 1186 1841 patre
1216 1757 1612 1822 revertitur.
1705 1756 1824 1822 Ita
1854 1750 2014 1820 ¹rex
2040 1775 2424 1838 regressuS,
2448 1763 2521 1821 et
2552 1756 2741 1820 laetis

509 1841 784 1940 ssssffiffi?
831 1858 1192 1940 plausibus
1227 1855 1618 1940 Anglorum
1642 1855 1994 1936 delinitus,
2028 1864 2110 1921 ut
2142 1851 2166 1888 ²
2179 1856 2591 1920 familiarem
2620 1856 2740 1921 de-

511 1940 624 1981 M'·
647 1942 756 1982 ¹⁰¹⁴·
831 1957 1081 2037 sidiam
1143 1959 1539 2022 excussisse
1602 1956 1979 2036 videretur,
2040 1957 2423 2023 maturavit
2489 1964 2741 2022 contra

834 2056 1226 2123 cnutonem
1278 2058 1663 2124 exercitum
1724 2057 2077 2140 colligere,
2142 2057 2263 2141 qui
2328 2064 2497 2122 tunc
2561 2065 2743 2122 tem·

831 2159 1023 2242 poris
1070 2160 1143 2223 in
1178 2158 1529 2237 Lindesia,
1578 2159 1698 2222 ubi
1749 2179 1908 2224 eum
1951 2159 2227 2241 genitor
2266 2177 2427 2222 cum
2466 2159 2740 2240 ratibus

829 2267 904 2323 et
934 2259 1286 2326 obsidibus
1317 2259 1695 2334 dimiserat,
1726 2262 1987 2324 tirones
2021 2266 2093 2324 et
2120 2278 2337 2341 equos
2382 2259 2739 2340 exigebat,

832 2366 913 2424 ut
942 2361 1204 2444 pariter
1234 2361 1495 2426 coactis
1516 2359 1780 2425 viribus
1808 2359 1882 2424 in
1910 2361 2293 2444 imparatos
2326 2378 2403 2424 se
2426 2359 2740 2424 effunde-

829 2468 962 2540 ret,
998 2462 1330 2545 graviter,
1375 2469 1454 2527 ut
1483 2461 1635 2546 ipse
1667 2460 2038 2539 dictitavit,
2083 2461 2155 2525 in
2198 2459 2590 2525 desertores
2630 2461 2737 2525 ul·

834 2569 1075 2643 turus;
1110 2562 1231 2627 sed
1259 2562 1444 2642 dolo,
1479 2563 1756 2647 qualem
1785 2563 1937 2646 ipse
1972 2562 2522 2639 machinabatur,
2557 2582 2737 2645 prae·

833 2671 1111 2740 ventuS,
1147 2671 1350 2746 terga
1380 2663 1721 2729 ostendit:
1771 2671 1937 2728 tunc
1970 2682 2156 2746 aegre
2188 2663 2529 2739 salvatuS,
2562 2669 2637 2727 et
2664 2664 2737 2727 in

831 2762 1055 2827 altum
1100 2782 1256 2827 cum
1294 2764 1605 2848 reliquiis
1649 2771 2045 2848 provectus,
2081 2764 2168 2827 ab
2202 2764 2468 2827 oriente
2510 2782 2736 2848 usque

830 2863 904 2927 in
942 2870 1254 2928 austrum
1282 2866 1457 2929 mari
1489 2864 1875 2929 Britanniae
1923 2864 2237 2942 circuito,
2283 2863 2371 2928 ad
2416 2862 2741 2930 Sandwic

827 2965 1130 3047 appulit.
1224 2964 1336 3030 Ibi
1381 2966 1686 3029 humano
1726 2973 1798 3029 et
1831 2966 2068 3029 divino
2109 2964 2271 3049 jure
2310 2971 2736 3048 contempto,

829 3065 1110 3129 obsides
1155 3085 1330 3149 quos
1375 3065 1698 3143 habebat,
1748 3085 2020 3149 magnae
2066 3065 2447 3130 nobilitatis
2490 3073 2564 3130 et
2597 3066 2735 3130 ele-

829 3166 1095 3247 gantiae
1130 3185 1407 3249 pueros,
1439 3168 1722 3231 naribus
1750 3174 1822 3231 et
1852 3167 2136 3235 auribus
2168 3159 2505 3243 ³truncoS,
2526 3186 2737 3250 quos·

510 3293 808 3333 caunetum.
834 3264 993 3329 dam
1028 3266 1238 3331 etiam
1265 3268 1602 3332 eviravit:
1651 3268 1751 3331 sic
1781 3268 1855 3331 in
1888 3268 2201 3331 insontes
2245 3274 2637 3348 grassatus,
2670 3274 2739 3332 et

510 3343 637 3435 21¹3?
642 3345 806 3435 iffiffk'
835 3386 1165 3449 magnum
1213 3366 1380 3450 quid
1435 3368 1662 3450 egisse
1713 3368 2079 3450 gloriatuS,
2124 3359 2458 3450 *patriam
2513 3368 2738 3451 petiit.

901 3657 917 3691 ³
968 3660 1083 3709 Rex
1125 3659 1432 3722 regressus]
1483 3658 1761 3707 Aethelred
1813 3656 1934 3707 sisse
1966 3658 2260 3721 vider-etun]
2330 3658 2428 3707 See
2468 3658 2496 3722 ς
2538 3664 2655 3724 177,
2686 3677 2739 3723 p.

831 3729 1070 3795 returned
1107 3730 1234 3779 from
1282 3728 1583 3790 Normandy
1617 3728 1759 3780 A.D.
1814 3732 1929 3790 290,
1966 3729 1981 3755 ‘
2002 3730 2197 3790 quippe
2232 3728 2382 3777 homo
2419 3729 2623 3784 inertiae
2658 3732 2744 3783 de-

835 3803 982 3850 1014.
1052 3800 1160 3850 The
1194 3800 1382 3849 editors
1419 3798 1478 3847 of
1507 3800 1594 3849 the
1633 3800 1758 3850 Rec.
1813 3799 1988 3861 ditus,'
2010 3799 2103 3849 &c.
2678 3800 2685 3807 ‘

833 3870 925 3919 des
964 3870 1106 3921 Hist.
1141 3871 1206 3920 de
1242 3871 1298 3920 la
1326 3870 1541 3932 France,
1577 3885 1642 3919 on
1673 3871 1759 3919 the
2110 3864 2123 3876 '
2154 3866 2161 3874 “

829 3941 1090 4003 authority
1111 3940 1171 3989 of
1199 3954 1348 4009 some·
1374 3940 1759 4004 chronologiam,
1880 3936 1903 3966 ³
1926 3933 2189 4009 francam]
2219 3940 2279 3991 C.
2296 3939 2368 3991 D.
2398 3938 2461 3992 E.
2480 3940 2545 3994 L.
2564 3959 2580 4005 ;
2602 3948 2739 3993 trum

831 4011 979 4072 place
1000 4012 1086 4061 the
1102 4011 1255 4061 death
1269 4011 1328 4060 of
1342 4011 1547 4073 Sweyn,
1563 4025 1621 4060 as
1636 4012 1757 4061 well
1807 4014 1970 4075 catos,
1990 4010 2059 4060 Δ.
2083 4010 2141 4059 S.

825 4095 890 4134 as
933 4081 1018 4131 the
1072 4086 1246 4135 return
1290 4080 1348 4130 of
1383 4081 1659 4131 Aethelred
1704 4086 1756 4131 to

831 4151 1087 4215 England,
1109 4152 1161 4201 in
1181 4153 1268 4202 the
1290 4166 1414 4215 year
1435 4155 1586 4204 1015.
1876 4148 1895 4185 ⁴
1919 4150 2151 4200 Patriam
2167 4150 2362 4215 petiit]
2385 4150 2528 4200 Cnut
2544 4155 2733 4201 return·

1804 4221 1869 4270 ed
1905 4226 1957 4269 to
1989 4222 2252 4271 Denmark
2292 4222 2344 4271 in
2385 4224 2535 4270 1014.
2615 4223 2727 4286 (See

895 4289 916 4319 ²
939 4293 1257 4359 Familiarem
1300 4293 1536 4343 desidiam
1582 4308 1751 4343 excus-
1806 4293 1939 4343 Flor.
1957 4292 2187 4355 Wigorn.
2210 4292 2310 4343 and
2334 4292 2460 4342 Sax.
2485 4289 2697 4357 Chron.)
