<?xml version="1.0" encoding="UTF-8"?>
<!DOCTYPE html PUBLIC "-//W3C//DTD XHTML 1.0 Transitional//EN"
    "http://www.w3.org/TR/xhtml1/DTD/xhtml1-transitional.dtd">
<html xmlns="http://www.w3.org/1999/xhtml" xml:lang="en" lang="en">
 <head>
  <title>
</title>
<meta http-equiv="Content-Type" content="text/html;charset=utf-8" />
  <meta name='ocr-system' content='tesseract 3.04.00' />
  <meta name='ocr-capabilities' content='ocr_page ocr_carea ocr_par ocr_line ocrx_word'/>
</head>
<body>
  <div class='ocr_page' id='page_1' title='image "./willelmimalmesb00unkngoog_0088.png"; bbox 0 0 3023 5045; ppageno 0'>
   <div class='ocr_carea' id='block_1_1' title="bbox 289 522 2195 603">
    <p class='ocr_par' dir='ltr' id='par_1_1' title="bbox 289 522 2195 603">
     <span class='ocr_line' id='line_1_1' title="bbox 289 522 2195 603; baseline 0.007 -20"><span class='ocrx_word' id='word_1_1' title='bbox 289 537 423 584; x_wconf 76' lang='lat' dir='ltr'><strong>mn.</strong></span> <span class='ocrx_word' id='word_1_2' title='bbox 453 522 534 603; x_wconf 70' lang='grc' dir='ltr'><strong>ι]</strong></span> <span class='ocrx_word' id='word_1_3' title='bbox 735 541 968 589; x_wconf 64' lang='lat' dir='ltr'><strong>ensa-A</strong></span> <span class='ocrx_word' id='word_1_4' title='bbox 1013 542 1271 592; x_wconf 68' lang='lat' dir='ltr'><strong>ancum</strong></span> <span class='ocrx_word' id='word_1_5' title='bbox 1317 544 1749 593; x_wconf 70' lang='lat' dir='ltr'><strong>Anononuu.</strong></span> <span class='ocrx_word' id='word_1_6' title='bbox 2111 531 2195 596; x_wconf 79' lang='lat'><strong>51</strong></span> 
     </span>
    </p>
   </div>
   <div class='ocr_carea' id='block_1_2' title="bbox 262 699 2217 3809">
    <p class='ocr_par' dir='ltr' id='par_1_2' title="bbox 262 699 2217 3809">
     <span class='ocr_line' id='line_1_2' title="bbox 286 699 2199 787; baseline 0.005 -26"><span class='ocrx_word' id='word_1_7' title='bbox 286 699 638 763; x_wconf 88' lang='lat' dir='ltr'><strong>continuis</strong></span> <span class='ocrx_word' id='word_1_8' title='bbox 687 707 761 764; x_wconf 88' lang='lat' dir='ltr'><strong>et</strong></span> <span class='ocrx_word' id='word_1_9' title='bbox 809 701 1346 784; x_wconf 81' lang='lat' dir='ltr'><strong>congruentibus</strong></span> <span class='ocrx_word' id='word_1_10' title='bbox 1397 701 1725 780; x_wconf 82' lang='lat' dir='ltr'><strong>concedo,</strong></span> <span class='ocrx_word' id='word_1_11' title='bbox 1774 701 1865 772; x_wconf 72' lang='lat' dir='ltr'><strong>ad</strong></span> <span class='ocrx_word' id='word_1_12' title='bbox 1918 704 2199 787; x_wconf 86' lang='lat' dir='ltr'><strong>supple-</strong></span> 
     </span>
     <span class='ocr_line' id='line_1_3' title="bbox 283 797 2199 884; baseline 0.003 -22"><span class='ocrx_word' id='word_1_13' title='bbox 283 807 598 864; x_wconf 84' lang='lat' dir='ltr'><strong>mentum</strong></span> <span class='ocrx_word' id='word_1_14' title='bbox 627 797 796 865; x_wconf 81' lang='lat' dir='ltr'><strong>vitae</strong></span> <span class='ocrx_word' id='word_1_15' title='bbox 821 802 1184 884; x_wconf 80' lang='lat' dir='ltr'><strong>regularis,</strong></span> <span class='ocrx_word' id='word_1_16' title='bbox 1213 809 1286 867; x_wconf 90' lang='lat' dir='ltr'><strong>et</strong></span> <span class='ocrx_word' id='word_1_17' title='bbox 1310 802 1397 866; x_wconf 86' lang='lat' dir='ltr'><strong>ad</strong></span> <span class='ocrx_word' id='word_1_18' title='bbox 1433 823 1637 868; x_wconf 89' lang='lat' dir='ltr'><strong>usum</strong></span> <span class='ocrx_word' id='word_1_19' title='bbox 1681 802 2199 884; x_wconf 87' lang='lat' dir='ltr'><strong>monachorum,</strong></span> 
     </span>
     <span class='ocr_line' id='line_1_4' title="bbox 285 899 2195 990; baseline 0.004 -28"><span class='ocrx_word' id='word_1_20' title='bbox 285 899 550 965; x_wconf 91' lang='lat' dir='ltr'><strong>Brente</strong></span> <span class='ocrx_word' id='word_1_21' title='bbox 603 901 842 966; x_wconf 84' lang='lat' dir='ltr'><strong>decem</strong></span> <span class='ocrx_word' id='word_1_22' title='bbox 913 902 1135 981; x_wconf 78' lang='lat' dir='ltr'><strong>hidas,</strong></span> <span class='ocrx_word' id='word_1_23' title='bbox 1187 903 1424 990; x_wconf 82' lang='lat' dir='ltr'><strong>Sepeie</strong></span> <span class='ocrx_word' id='word_1_24' title='bbox 1470 905 1707 970; x_wconf 85' lang='lat' dir='ltr'><strong>decem</strong></span> <span class='ocrx_word' id='word_1_25' title='bbox 1758 904 1982 984; x_wconf 79' lang='lat' dir='ltr'><strong>hidas,</strong></span> <span class='ocrx_word' id='word_1_26' title='bbox 2050 904 2195 970; x_wconf 81' lang='lat' dir='ltr'><strong>Pil-</strong></span> 
     </span>
     <span class='ocr_line' id='line_1_5' title="bbox 281 1001 2197 1086; baseline 0.003 -22"><span class='ocrx_word' id='word_1_27' title='bbox 281 1007 452 1065; x_wconf 87' lang='lat' dir='ltr'><strong>tune</strong></span> <span class='ocrx_word' id='word_1_28' title='bbox 495 1002 754 1084; x_wconf 84' lang='lat' dir='ltr'><strong>viginti</strong></span> <span class='ocrx_word' id='word_1_29' title='bbox 797 1001 1020 1082; x_wconf 84' lang='lat' dir='ltr'><strong>hidas,</strong></span> <span class='ocrx_word' id='word_1_30' title='bbox 1067 1004 1366 1086; x_wconf 84' lang='lat' dir='ltr'><strong>Dulting</strong></span> <span class='ocrx_word' id='word_1_31' title='bbox 1409 1004 1662 1086; x_wconf 83' lang='lat' dir='ltr'><strong>viginti</strong></span> <span class='ocrx_word' id='word_1_32' title='bbox 1699 1004 1923 1082; x_wconf 86' lang='lat' dir='ltr'><strong>hidas,</strong></span> <span class='ocrx_word' id='word_1_33' title='bbox 1983 1006 2197 1072; x_wconf 88' lang='lat' dir='ltr'><strong>Bled-</strong></span> 
     </span>
     <span class='ocr_line' id='line_1_6' title="bbox 281 1100 2195 1191; baseline 0.005 -27"><span class='ocrx_word' id='word_1_34' title='bbox 281 1100 568 1165; x_wconf 86' lang='lat' dir='ltr'><strong>danhid’</strong></span> <span class='ocrx_word' id='word_1_35' title='bbox 628 1121 842 1167; x_wconf 85' lang='lat' dir='ltr'><strong>unam</strong></span> <span class='ocrx_word' id='word_1_36' title='bbox 921 1104 1180 1182; x_wconf 81' lang='lat' dir='ltr'><strong>hidam,</strong></span> <span class='ocrx_word' id='word_1_37' title='bbox 1257 1125 1413 1170; x_wconf 90' lang='lat' dir='ltr'><strong>cum</strong></span> <span class='ocrx_word' id='word_1_38' title='bbox 1470 1105 1581 1170; x_wconf 92' lang='lat' dir='ltr'><strong>his</strong></span> <span class='ocrx_word' id='word_1_39' title='bbox 1654 1106 1973 1172; x_wconf 85' lang='lat' dir='ltr'><strong>omnihus</strong></span> <span class='ocrx_word' id='word_1_40' title='bbox 2036 1127 2195 1191; x_wconf 82' lang='lat' dir='ltr'><strong>quae</strong></span> 
     </span>
     <span class='ocr_line' id='line_1_7' title="bbox 277 1206 2193 1288; baseline 0.004 -24"><span class='ocrx_word' id='word_1_41' title='bbox 277 1209 758 1269; x_wconf 81' lang='lat' dir='ltr'><strong>antecessores</strong></span> <span class='ocrx_word' id='word_1_42' title='bbox 827 1206 962 1270; x_wconf 88' lang='lat' dir='ltr'><strong>mei</strong></span> <span class='ocrx_word' id='word_1_43' title='bbox 1031 1206 1252 1270; x_wconf 87' lang='lat' dir='ltr'><strong>eidem</strong></span> <span class='ocrx_word' id='word_1_44' title='bbox 1327 1207 1640 1271; x_wconf 74' lang='lat' dir='ltr'><strong>ecclesiae</strong></span> <span class='ocrx_word' id='word_1_45' title='bbox 1712 1207 2193 1288; x_wconf 87' lang='lat' dir='ltr'><strong>contulerunt;</strong></span> 
     </span>
     <span class='ocr_line' id='line_1_8' title="bbox 279 1295 2193 1391; baseline 0.002 -23"><span class='ocrx_word' id='word_1_46' title='bbox 279 1295 893 1391; x_wconf 85' lang='lat' dir='ltr'><strong>¹Chenepalchius,</strong></span> <span class='ocrx_word' id='word_1_47' title='bbox 923 1305 1068 1390; x_wconf 89' lang='lat' dir='ltr'><strong>qui,</strong></span> <span class='ocrx_word' id='word_1_48' title='bbox 1111 1306 1478 1372; x_wconf 86' lang='lat' dir='ltr'><strong>Theodoro</strong></span> <span class='ocrx_word' id='word_1_49' title='bbox 1526 1307 2041 1391; x_wconf 81' lang='lat' dir='ltr'><strong>archiepiscopo</strong></span> <span class='ocrx_word' id='word_1_50' title='bbox 2086 1309 2193 1372; x_wconf 88' lang='lat' dir='ltr'><strong>in-</strong></span> 
     </span>
     <span class='ocr_line' id='line_1_9' title="bbox 275 1404 2193 1490; baseline 0.003 -20"><span class='ocrx_word' id='word_1_51' title='bbox 275 1404 739 1484; x_wconf 82' lang='lat' dir='ltr'><strong>terveniente,</strong></span> <span class='ocrx_word' id='word_1_52' title='bbox 833 1405 1256 1486; x_wconf 85' lang='lat' dir='ltr'><strong>Ferremere,</strong></span> <span class='ocrx_word' id='word_1_53' title='bbox 1347 1409 1739 1490; x_wconf 87' lang='lat' dir='ltr'><strong>Bregereie,</strong></span> <span class='ocrx_word' id='word_1_54' title='bbox 1821 1407 2193 1489; x_wconf 85' lang='lat' dir='ltr'><strong>Coneneie,</strong></span> 
     </span>
     <span class='ocr_line' id='line_1_10' title="bbox 276 1497 2193 1596; baseline 0.003 -28"><span class='ocrx_word' id='word_1_55' title='bbox 276 1497 761 1583; x_wconf 71' lang='lat' dir='ltr'><strong>²&#39;Matineseie,</strong></span> <span class='ocrx_word' id='word_1_56' title='bbox 813 1507 1303 1589; x_wconf 85' lang='lat' dir='ltr'><strong>Ederedeseie3</strong></span> <span class='ocrx_word' id='word_1_57' title='bbox 1351 1508 1801 1596; x_wconf 86' lang='lat' dir='ltr'><strong>Chentpinus,</strong></span> <span class='ocrx_word' id='word_1_58' title='bbox 1831 1508 1953 1592; x_wconf 92' lang='lat' dir='ltr'><strong>qui</strong></span> <span class='ocrx_word' id='word_1_59' title='bbox 1984 1509 2193 1574; x_wconf 87' lang='lat' dir='ltr'><strong>Glas-</strong></span> 
     </span>
     <span class='ocr_line' id='line_1_11' title="bbox 275 1605 2195 1688; baseline 0.003 -17"><span class='ocrx_word' id='word_1_60' title='bbox 275 1605 542 1688; x_wconf 88' lang='lat' dir='ltr'><strong>tingeie</strong></span> <span class='ocrx_word' id='word_1_61' title='bbox 587 1613 879 1672; x_wconf 89' lang='lat' dir='ltr'><strong>matrem</strong></span> <span class='ocrx_word' id='word_1_62' title='bbox 921 1616 1321 1675; x_wconf 86' lang='lat' dir='ltr'><strong>sanctorum</strong></span> <span class='ocrx_word' id='word_1_63' title='bbox 1365 1629 1615 1676; x_wconf 82' lang='lat' dir='ltr'><strong>vocare</strong></span> <span class='ocrx_word' id='word_1_64' title='bbox 1658 1610 1905 1676; x_wconf 86' lang='lat' dir='ltr'><strong>solitus</strong></span> <span class='ocrx_word' id='word_1_65' title='bbox 1942 1609 2195 1688; x_wconf 83' lang='lat' dir='ltr'><strong>fuerat,</strong></span> 
     </span>
     <span class='ocr_line' id='line_1_12' title="bbox 274 1709 2193 1794; baseline 0.003 -24"><span class='ocrx_word' id='word_1_66' title='bbox 274 1713 350 1770; x_wconf 90' lang='lat' dir='ltr'><strong>et</strong></span> <span class='ocrx_word' id='word_1_67' title='bbox 377 1726 538 1770; x_wconf 91' lang='lat' dir='ltr'><strong>eam</strong></span> <span class='ocrx_word' id='word_1_68' title='bbox 569 1709 661 1772; x_wconf 89' lang='lat' dir='ltr'><strong>ab</strong></span> <span class='ocrx_word' id='word_1_69' title='bbox 688 1710 877 1773; x_wconf 87' lang='lat' dir='ltr'><strong>omui</strong></span> <span class='ocrx_word' id='word_1_70' title='bbox 901 1711 1198 1776; x_wconf 81' lang='lat' dir='ltr'><strong>seculari</strong></span> <span class='ocrx_word' id='word_1_71' title='bbox 1239 1718 1313 1774; x_wconf 91' lang='lat' dir='ltr'><strong>et</strong></span> <span class='ocrx_word' id='word_1_72' title='bbox 1353 1710 1819 1776; x_wconf 89' lang='lat' dir='ltr'><strong>ecclesiastico</strong></span> <span class='ocrx_word' id='word_1_73' title='bbox 1864 1711 2193 1794; x_wconf 87' lang='lat' dir='ltr'><strong>obsequio</strong></span> 
     </span>
     <span class='ocr_line' id='line_1_13' title="bbox 271 1807 2197 1894; baseline 0.003 -23"><span class='ocrx_word' id='word_1_74' title='bbox 271 1807 656 1873; x_wconf 86' lang='lat' dir='ltr'><strong>immunem</strong></span> <span class='ocrx_word' id='word_1_75' title='bbox 701 1811 974 1889; x_wconf 85' lang='lat' dir='ltr'><strong>statuit,</strong></span> <span class='ocrx_word' id='word_1_76' title='bbox 1023 1819 1096 1876; x_wconf 88' lang='lat' dir='ltr'><strong>et</strong></span> <span class='ocrx_word' id='word_1_77' title='bbox 1143 1811 1324 1876; x_wconf 89' lang='lat' dir='ltr'><strong>hanc</strong></span> <span class='ocrx_word' id='word_1_78' title='bbox 1379 1812 1727 1894; x_wconf 84' lang='lat' dir='ltr'><strong>privilegii</strong></span> <span class='ocrx_word' id='word_1_79' title='bbox 1780 1810 2197 1892; x_wconf 85' lang='lat' dir='ltr'><strong>dignitatem</strong></span> 
     </span>
     <span class='ocr_line' id='line_1_14' title="bbox 271 1910 2193 1997; baseline 0.002 -25"><span class='ocrx_word' id='word_1_80' title='bbox 271 1910 651 1987; x_wconf 86' lang='lat' dir='ltr'><strong>concessit,</strong></span> <span class='ocrx_word' id='word_1_81' title='bbox 681 1917 761 1973; x_wconf 92' lang='lat' dir='ltr'><strong>ut</strong></span> <span class='ocrx_word' id='word_1_82' title='bbox 790 1911 1095 1976; x_wconf 86' lang='lat' dir='ltr'><strong>habeant</strong></span> <span class='ocrx_word' id='word_1_83' title='bbox 1134 1911 1383 1977; x_wconf 84' lang='lat' dir='ltr'><strong>fratres</strong></span> <span class='ocrx_word' id='word_1_84' title='bbox 1431 1912 1741 1997; x_wconf 86' lang='lat' dir='ltr'><strong>ejusdem</strong></span> <span class='ocrx_word' id='word_1_85' title='bbox 1784 1912 1920 1976; x_wconf 90' lang='lat' dir='ltr'><strong>loci</strong></span> <span class='ocrx_word' id='word_1_86' title='bbox 1959 1920 2193 1995; x_wconf 87' lang='lat' dir='ltr'><strong>potes·</strong></span> 
     </span>
     <span class='ocr_line' id='line_1_15' title="bbox 269 2005 2193 2092; baseline 0.001 -18"><span class='ocrx_word' id='word_1_87' title='bbox 269 2015 497 2074; x_wconf 88' lang='lat' dir='ltr'><strong>tatem</strong></span> <span class='ocrx_word' id='word_1_88' title='bbox 573 2011 874 2092; x_wconf 87' lang='lat' dir='ltr'><strong>eligendi</strong></span> <span class='ocrx_word' id='word_1_89' title='bbox 947 2021 1022 2077; x_wconf 88' lang='lat' dir='ltr'><strong>et</strong></span> <span class='ocrx_word' id='word_1_90' title='bbox 1088 2014 1554 2078; x_wconf 86' lang='lat' dir='ltr'><strong>constituendi</strong></span> <span class='ocrx_word' id='word_1_91' title='bbox 1628 2012 1760 2078; x_wconf 88' lang='lat' dir='ltr'><strong>sibi</strong></span> <span class='ocrx_word' id='word_1_92' title='bbox 1830 2005 2193 2091; x_wconf 70' lang='lat' dir='ltr'><strong>rectorem,</strong></span> 
     </span>
     <span class='ocr_line' id='line_1_16' title="bbox 269 2103 2193 2197; baseline 0.002 -23"><span class='ocrx_word' id='word_1_93' title='bbox 269 2103 293 2140; x_wconf 81' lang='lat'>⁸</span> <span class='ocrx_word' id='word_1_94' title='bbox 294 2109 522 2196; x_wconf 83' lang='lat' dir='ltr'><strong>juxta</strong></span> <span class='ocrx_word' id='word_1_95' title='bbox 569 2111 883 2194; x_wconf 83' lang='lat' dir='ltr'><strong>regulam</strong></span> <span class='ocrx_word' id='word_1_96' title='bbox 937 2113 1166 2178; x_wconf 87' lang='lat' dir='ltr'><strong>sancti</strong></span> <span class='ocrx_word' id='word_1_97' title='bbox 1225 2113 1629 2191; x_wconf 80' lang='lat' dir='ltr'><strong>Benedicti3</strong></span> <span class='ocrx_word' id='word_1_98' title='bbox 1696 2106 1985 2177; x_wconf 73' lang='lat' dir='ltr'><strong>4Hedde</strong></span> <span class='ocrx_word' id='word_1_99' title='bbox 2044 2113 2193 2197; x_wconf 88' lang='lat' dir='ltr'><strong>epi-</strong></span> 
     </span>
     <span class='ocr_line' id='line_1_17' title="bbox 265 2211 2195 2301; baseline 0.002 -27"><span class='ocrx_word' id='word_1_100' title='bbox 265 2230 558 2294; x_wconf 81' lang='lat' dir='ltr'><strong>scopuS,</strong></span> <span class='ocrx_word' id='word_1_101' title='bbox 604 2213 745 2295; x_wconf 82' lang='lat' dir='ltr'><strong>qui,</strong></span> <span class='ocrx_word' id='word_1_102' title='bbox 777 2211 1152 2301; x_wconf 87' lang='lat' dir='ltr'><strong>Chedpalla</strong></span> <span class='ocrx_word' id='word_1_103' title='bbox 1191 2222 1542 2279; x_wconf 87' lang='lat' dir='ltr'><strong>aunuente</strong></span> <span class='ocrx_word' id='word_1_104' title='bbox 1571 2221 1643 2279; x_wconf 87' lang='lat' dir='ltr'><strong>et</strong></span> <span class='ocrx_word' id='word_1_105' title='bbox 1669 2213 1952 2297; x_wconf 87' lang='lat' dir='ltr'><strong>propria</strong></span> <span class='ocrx_word' id='word_1_106' title='bbox 1982 2233 2195 2278; x_wconf 89' lang='lat' dir='ltr'><strong>mauu</strong></span> 
     </span>
     <span class='ocr_line' id='line_1_18' title="bbox 262 2309 2217 2398; baseline 0.001 -22"><span class='ocrx_word' id='word_1_107' title='bbox 262 2309 476 2398; x_wconf 88' lang='lat' dir='ltr'><strong>(licet</strong></span> <span class='ocrx_word' id='word_1_108' title='bbox 518 2311 874 2398; x_wconf 86' lang='lat' dir='ltr'><strong>paganus)</strong></span> <span class='ocrx_word' id='word_1_109' title='bbox 923 2314 1396 2393; x_wconf 86' lang='lat' dir='ltr'><strong>confirmante,</strong></span> <span class='ocrx_word' id='word_1_110' title='bbox 1431 2315 1812 2393; x_wconf 81' lang='lat' dir='ltr'><strong>Lantocai3</strong></span> <span class='ocrx_word' id='word_1_111' title='bbox 1861 2311 2217 2393; x_wconf 78' lang='lat' dir='ltr'><strong>Baldred,‘</strong></span> 
     </span>
     <span class='ocr_line' id='line_1_19' title="bbox 266 2409 2193 2498; baseline 0.001 -21"><span class='ocrx_word' id='word_1_112' title='bbox 266 2412 391 2496; x_wconf 90' lang='lat' dir='ltr'><strong>qui</strong></span> <span class='ocrx_word' id='word_1_113' title='bbox 413 2413 776 2493; x_wconf 85' lang='lat' dir='ltr'><strong>Pennard,</strong></span> <span class='ocrx_word' id='word_1_114' title='bbox 797 2434 924 2479; x_wconf 84' lang='lat' dir='ltr'><strong>sex</strong></span> <span class='ocrx_word' id='word_1_115' title='bbox 945 2415 1144 2480; x_wconf 86' lang='lat' dir='ltr'><strong>hidas</strong></span> <span class='ocrx_word' id='word_1_116' title='bbox 1168 2437 1186 2496; x_wconf 84' lang='lat'>3</span> <span class='ocrx_word' id='word_1_117' title='bbox 1209 2415 1541 2494; x_wconf 85' lang='lat' dir='ltr'><strong>Adelard,</strong></span> <span class='ocrx_word' id='word_1_118' title='bbox 1564 2416 1685 2498; x_wconf 90' lang='lat' dir='ltr'><strong>qui</strong></span> <span class='ocrx_word' id='word_1_119' title='bbox 1700 2409 1723 2446; x_wconf 84' lang='lat'><strong>⁵</strong></span> <span class='ocrx_word' id='word_1_120' title='bbox 1737 2414 1967 2494; x_wconf 89' lang='lat' dir='ltr'><strong>Poelt,</strong></span> <span class='ocrx_word' id='word_1_121' title='bbox 1984 2433 2193 2479; x_wconf 81' lang='lat' dir='ltr'><strong>sexa-</strong></span> 
     </span>
     <span class='ocr_line' id='line_1_20' title="bbox 267 2513 2193 2599; baseline 0.001 -19"><span class='ocrx_word' id='word_1_122' title='bbox 267 2514 482 2599; x_wconf 82' lang='lat' dir='ltr'><strong>ginta</strong></span> <span class='ocrx_word' id='word_1_123' title='bbox 542 2513 766 2594; x_wconf 84' lang='lat' dir='ltr'><strong>hidas,</strong></span> <span class='ocrx_word' id='word_1_124' title='bbox 805 2536 916 2581; x_wconf 87' lang='lat' dir='ltr'><strong>me</strong></span> <span class='ocrx_word' id='word_1_125' title='bbox 959 2525 1310 2583; x_wconf 86' lang='lat' dir='ltr'><strong>annuente</strong></span> <span class='ocrx_word' id='word_1_126' title='bbox 1353 2525 1425 2582; x_wconf 88' lang='lat' dir='ltr'><strong>et</strong></span> <span class='ocrx_word' id='word_1_127' title='bbox 1468 2517 1941 2593; x_wconf 89' lang='lat' dir='ltr'><strong>confirmante,</strong></span> <span class='ocrx_word' id='word_1_128' title='bbox 1984 2515 2193 2581; x_wconf 88' lang='lat' dir='ltr'><strong>dede-</strong></span> 
     </span>
     <span class='ocr_line' id='line_1_21' title="bbox 265 2615 2192 2701; baseline 0.001 -20"><span class='ocrx_word' id='word_1_129' title='bbox 265 2624 463 2682; x_wconf 87' lang='lat' dir='ltr'><strong>runt.</strong></span> <span class='ocrx_word' id='word_1_130' title='bbox 574 2615 892 2695; x_wconf 81' lang='lat' dir='ltr'><strong>Quorum</strong></span> <span class='ocrx_word' id='word_1_131' title='bbox 941 2638 1074 2701; x_wconf 92' lang='lat' dir='ltr'><strong>ego</strong></span> <span class='ocrx_word' id='word_1_132' title='bbox 1125 2617 1476 2685; x_wconf 85' lang='lat' dir='ltr'><strong>devotioni</strong></span> <span class='ocrx_word' id='word_1_133' title='bbox 1528 2626 1599 2683; x_wconf 91' lang='lat' dir='ltr'><strong>et</strong></span> <span class='ocrx_word' id='word_1_134' title='bbox 1646 2618 1961 2701; x_wconf 76' lang='lat' dir='ltr'><strong>benignae</strong></span> <span class='ocrx_word' id='word_1_135' title='bbox 2012 2616 2192 2701; x_wconf 88' lang='lat' dir='ltr'><strong>peti-</strong></span> 
     </span>
     <span class='ocr_line' id='line_1_22' title="bbox 267 2718 2195 2803; baseline 0 -21"><span class='ocrx_word' id='word_1_136' title='bbox 267 2718 454 2784; x_wconf 88' lang='lat' dir='ltr'><strong>tioni</strong></span> <span class='ocrx_word' id='word_1_137' title='bbox 501 2718 832 2796; x_wconf 82' lang='lat' dir='ltr'><strong>assentio,</strong></span> <span class='ocrx_word' id='word_1_138' title='bbox 872 2727 944 2783; x_wconf 91' lang='lat' dir='ltr'><strong>et</strong></span> <span class='ocrx_word' id='word_1_139' title='bbox 986 2727 1232 2785; x_wconf 86' lang='lat' dir='ltr'><strong>contra</strong></span> <span class='ocrx_word' id='word_1_140' title='bbox 1270 2719 1803 2803; x_wconf 83' lang='lat' dir='ltr'><strong>malignantium</strong></span> <span class='ocrx_word' id='word_1_141' title='bbox 1843 2718 2195 2783; x_wconf 88' lang='lat' dir='ltr'><strong>hominum</strong></span> 
     </span>
     <span class='ocr_line' id='line_1_23' title="bbox 265 2818 2191 2903; baseline -0.001 -20"><span class='ocrx_word' id='word_1_142' title='bbox 265 2826 339 2883; x_wconf 91' lang='lat' dir='ltr'><strong>et</strong></span> <span class='ocrx_word' id='word_1_143' title='bbox 384 2818 891 2884; x_wconf 87' lang='lat' dir='ltr'><strong>oblatrantium</strong></span> <span class='ocrx_word' id='word_1_144' title='bbox 935 2839 1184 2885; x_wconf 87' lang='lat' dir='ltr'><strong>canum</strong></span> <span class='ocrx_word' id='word_1_145' title='bbox 1241 2821 1555 2897; x_wconf 82' lang='lat' dir='ltr'><strong>insidiaS,</strong></span> <span class='ocrx_word' id='word_1_146' title='bbox 1599 2820 1937 2903; x_wconf 86' lang='lat' dir='ltr'><strong>regalium</strong></span> <span class='ocrx_word' id='word_1_147' title='bbox 1965 2818 2191 2883; x_wconf 88' lang='lat' dir='ltr'><strong>muni-</strong></span> 
     </span>
     <span class='ocr_line' id='line_1_24' title="bbox 262 2918 2189 3005; baseline 0 -22"><span class='ocrx_word' id='word_1_148' title='bbox 262 2920 463 2983; x_wconf 86' lang='lat' dir='ltr'><strong>mine</strong></span> <span class='ocrx_word' id='word_1_149' title='bbox 507 2918 799 3001; x_wconf 82' lang='lat' dir='ltr'><strong>invigilo</strong></span> <span class='ocrx_word' id='word_1_150' title='bbox 847 2921 1230 3000; x_wconf 89' lang='lat' dir='ltr'><strong>literarum,</strong></span> <span class='ocrx_word' id='word_1_151' title='bbox 1288 2921 1617 3005; x_wconf 89' lang='lat' dir='ltr'><strong>quatinus</strong></span> <span class='ocrx_word' id='word_1_152' title='bbox 1678 2921 1971 2985; x_wconf 87' lang='lat' dir='ltr'><strong>ecclesia</strong></span> <span class='ocrx_word' id='word_1_153' title='bbox 2042 2920 2189 2983; x_wconf 90' lang='lat' dir='ltr'><strong>Do-</strong></span> 
     </span>
     <span class='ocr_line' id='line_1_25' title="bbox 265 3020 2191 3106; baseline 0 -22"><span class='ocrx_word' id='word_1_154' title='bbox 265 3021 448 3085; x_wconf 89' lang='lat' dir='ltr'><strong>mini</strong></span> <span class='ocrx_word' id='word_1_155' title='bbox 505 3020 732 3086; x_wconf 86' lang='lat' dir='ltr'><strong>nostri</strong></span> <span class='ocrx_word' id='word_1_156' title='bbox 793 3021 842 3085; x_wconf 86' lang='lat' dir='ltr'><strong>J</strong></span> <span class='ocrx_word' id='word_1_157' title='bbox 845 3041 967 3086; x_wconf 89' lang='lat' dir='ltr'><strong>esu</strong></span> <span class='ocrx_word' id='word_1_158' title='bbox 1027 3021 1314 3099; x_wconf 85' lang='lat' dir='ltr'><strong>Christi,</strong></span> <span class='ocrx_word' id='word_1_159' title='bbox 1369 3030 1444 3086; x_wconf 88' lang='lat' dir='ltr'><strong>et</strong></span> <span class='ocrx_word' id='word_1_160' title='bbox 1485 3028 1841 3106; x_wconf 82' lang='lat' dir='ltr'><strong>perpetuae</strong></span> <span class='ocrx_word' id='word_1_161' title='bbox 1898 3020 2191 3102; x_wconf 85' lang='lat' dir='ltr'><strong>virginis</strong></span> 
     </span>
     <span class='ocr_line' id='line_1_26' title="bbox 267 3121 2189 3206; baseline -0.001 -20"><span class='ocrx_word' id='word_1_162' title='bbox 267 3122 562 3198; x_wconf 79' lang='lat' dir='ltr'><strong>Mariae,</strong></span> <span class='ocrx_word' id='word_1_163' title='bbox 621 3121 802 3186; x_wconf 88' lang='lat' dir='ltr'><strong>sicut</strong></span> <span class='ocrx_word' id='word_1_164' title='bbox 873 3122 948 3186; x_wconf 90' lang='lat' dir='ltr'><strong>in</strong></span> <span class='ocrx_word' id='word_1_165' title='bbox 1021 3144 1238 3206; x_wconf 86' lang='lat' dir='ltr'><strong>regno</strong></span> <span class='ocrx_word' id='word_1_166' title='bbox 1309 3123 1697 3189; x_wconf 83' lang='lat' dir='ltr'><strong>Britanniae</strong></span> <span class='ocrx_word' id='word_1_167' title='bbox 1765 3129 1873 3187; x_wconf 89' lang='lat' dir='ltr'><strong>est</strong></span> <span class='ocrx_word' id='word_1_168' title='bbox 1944 3121 2189 3205; x_wconf 87' lang='lat' dir='ltr'><strong>prima,</strong></span> 
     </span>
     <span class='ocr_line' id='line_1_27' title="bbox 268 3222 2193 3307; baseline -0.002 -19"><span class='ocrx_word' id='word_1_169' title='bbox 268 3232 342 3288; x_wconf 90' lang='lat' dir='ltr'><strong>et</strong></span> <span class='ocrx_word' id='word_1_170' title='bbox 397 3222 566 3287; x_wconf 86' lang='lat' dir='ltr'><strong>sons</strong></span> <span class='ocrx_word' id='word_1_171' title='bbox 623 3230 694 3288; x_wconf 90' lang='lat' dir='ltr'><strong>et</strong></span> <span class='ocrx_word' id='word_1_172' title='bbox 756 3223 952 3306; x_wconf 87' lang='lat' dir='ltr'><strong>origo</strong></span> <span class='ocrx_word' id='word_1_173' title='bbox 1014 3225 1231 3289; x_wconf 90' lang='lat' dir='ltr'><strong>totius</strong></span> <span class='ocrx_word' id='word_1_174' title='bbox 1291 3224 1672 3307; x_wconf 75' lang='lat' dir='ltr'><strong>religioniS,</strong></span> <span class='ocrx_word' id='word_1_175' title='bbox 1730 3223 1835 3287; x_wconf 90' lang='lat' dir='ltr'><strong>ita</strong></span> <span class='ocrx_word' id='word_1_176' title='bbox 1900 3229 1971 3287; x_wconf 87' lang='lat' dir='ltr'><strong>et</strong></span> <span class='ocrx_word' id='word_1_177' title='bbox 2035 3222 2193 3305; x_wconf 84' lang='lat' dir='ltr'><strong>ipsa</strong></span> 
     </span>
     <span class='ocr_line' id='line_1_28' title="bbox 265 3320 2191 3408; baseline -0.001 -20"><span class='ocrx_word' id='word_1_178' title='bbox 265 3324 908 3407; x_wconf 85' lang='lat' dir='ltr'><strong>supereminentem</strong></span> <span class='ocrx_word' id='word_1_179' title='bbox 1000 3325 1346 3408; x_wconf 86' lang='lat' dir='ltr'><strong>privilegii</strong></span> <span class='ocrx_word' id='word_1_180' title='bbox 1456 3325 1769 3389; x_wconf 87' lang='lat' dir='ltr'><strong>obtineat</strong></span> <span class='ocrx_word' id='word_1_181' title='bbox 1886 3320 2191 3406; x_wconf 87' lang='lat' dir='ltr'><strong>dignita-</strong></span> 
     </span>
     <span class='ocr_line' id='line_1_29' title="bbox 267 3424 2192 3504; baseline -0.002 -13"><span class='ocrx_word' id='word_1_182' title='bbox 267 3433 444 3504; x_wconf 86' lang='lat' dir='ltr'><strong>tem,</strong></span> <span class='ocrx_word' id='word_1_183' title='bbox 502 3444 634 3488; x_wconf 90' lang='lat' dir='ltr'><strong>nec</strong></span> <span class='ocrx_word' id='word_1_184' title='bbox 678 3424 804 3488; x_wconf 93' lang='lat' dir='ltr'><strong>ulli</strong></span> <span class='ocrx_word' id='word_1_185' title='bbox 859 3426 1138 3490; x_wconf 89' lang='lat' dir='ltr'><strong>omnino</strong></span> <span class='ocrx_word' id='word_1_186' title='bbox 1196 3425 1551 3489; x_wconf 88' lang='lat' dir='ltr'><strong>hominum</strong></span> <span class='ocrx_word' id='word_1_187' title='bbox 1614 3424 1943 3488; x_wconf 88' lang='lat' dir='ltr'><strong>ancillare</strong></span> <span class='ocrx_word' id='word_1_188' title='bbox 1993 3424 2192 3488; x_wconf 91' lang='lat' dir='ltr'><strong>obse-</strong></span> 
     </span>
     <span class='ocr_line' id='line_1_30' title="bbox 267 3526 2193 3611; baseline -0.002 -20"><span class='ocrx_word' id='word_1_189' title='bbox 267 3528 524 3611; x_wconf 91' lang='lat' dir='ltr'><strong>quium</strong></span> <span class='ocrx_word' id='word_1_190' title='bbox 576 3526 652 3588; x_wconf 92' lang='lat' dir='ltr'><strong>in</strong></span> <span class='ocrx_word' id='word_1_191' title='bbox 699 3526 904 3589; x_wconf 87' lang='lat' dir='ltr'><strong>terris</strong></span> <span class='ocrx_word' id='word_1_192' title='bbox 951 3526 1190 3605; x_wconf 85' lang='lat' dir='ltr'><strong>saciat,</strong></span> <span class='ocrx_word' id='word_1_193' title='bbox 1241 3546 1398 3611; x_wconf 84' lang='lat' dir='ltr'><strong>quae</strong></span> <span class='ocrx_word' id='word_1_194' title='bbox 1427 3546 1637 3610; x_wconf 91' lang='lat' dir='ltr'><strong>super</strong></span> <span class='ocrx_word' id='word_1_195' title='bbox 1686 3526 1933 3590; x_wconf 90' lang='lat' dir='ltr'><strong>choros</strong></span> <span class='ocrx_word' id='word_1_196' title='bbox 1978 3543 2193 3605; x_wconf 89' lang='lat' dir='ltr'><strong>ange-</strong></span> 
     </span>
     <span class='ocr_line' id='line_1_31' title="bbox 266 3625 2194 3710; baseline -0.003 -18"><span class='ocrx_word' id='word_1_197' title='bbox 266 3628 507 3695; x_wconf 83' lang='lat' dir='ltr'><strong>lorum</strong></span> <span class='ocrx_word' id='word_1_198' title='bbox 555 3625 950 3691; x_wconf 86' lang='lat' dir='ltr'><strong>dominatur</strong></span> <span class='ocrx_word' id='word_1_199' title='bbox 987 3628 1060 3690; x_wconf 91' lang='lat' dir='ltr'><strong>in</strong></span> <span class='ocrx_word' id='word_1_200' title='bbox 1105 3628 1308 3692; x_wconf 90' lang='lat' dir='ltr'><strong>coelo.</strong></span> <span class='ocrx_word' id='word_1_201' title='bbox 1424 3627 1655 3710; x_wconf 85' lang='lat' dir='ltr'><strong>Igitur</strong></span> <span class='ocrx_word' id='word_1_202' title='bbox 1704 3645 1970 3689; x_wconf 89' lang='lat' dir='ltr'><strong>summo</strong></span> <span class='ocrx_word' id='word_1_203' title='bbox 2020 3645 2194 3708; x_wconf 88' lang='lat' dir='ltr'><strong>pon-</strong></span> 
     </span>
     <span class='ocr_line' id='line_1_32' title="bbox 264 3720 2196 3809; baseline -0.004 -15"><span class='ocrx_word' id='word_1_204' title='bbox 264 3729 464 3794; x_wconf 88' lang='lat' dir='ltr'><strong>tifice</strong></span> <span class='ocrx_word' id='word_1_205' title='bbox 491 3720 516 3758; x_wconf 79' lang='lat'><em>⁶</em></span> <span class='ocrx_word' id='word_1_206' title='bbox 529 3724 875 3809; x_wconf 77' lang='lat' dir='ltr'><strong>Gregorio</strong></span> <span class='ocrx_word' id='word_1_207' title='bbox 923 3735 1296 3806; x_wconf 86' lang='lat' dir='ltr'><strong>annuente,</strong></span> <span class='ocrx_word' id='word_1_208' title='bbox 1331 3730 1402 3792; x_wconf 90' lang='lat' dir='ltr'><strong>et</strong></span> <span class='ocrx_word' id='word_1_209' title='bbox 1444 3736 1525 3792; x_wconf 90' lang='lat' dir='ltr'><strong>ut</strong></span> <span class='ocrx_word' id='word_1_210' title='bbox 1570 3735 1859 3792; x_wconf 87' lang='lat' dir='ltr'><strong>matrem</strong></span> <span class='ocrx_word' id='word_1_211' title='bbox 1909 3723 2196 3789; x_wconf 89' lang='lat' dir='ltr'><strong>Domini</strong></span> 
     </span>
    </p>
   </div>
   <div class='ocr_carea' id='block_1_3' title="bbox 265 3957 2204 4390">
    <p class='ocr_par' dir='ltr' id='par_1_3' title="bbox 265 3957 2204 4097">
     <span class='ocr_line' id='line_1_33' title="bbox 343 3957 2204 4027; baseline -0.003 -14"><span class='ocrx_word' id='word_1_212' title='bbox 343 3962 358 3992; x_wconf 88' lang='lat'>¹</span> <span class='ocrx_word' id='word_1_213' title='bbox 391 3961 826 4027; x_wconf 75' lang='lat' dir='ltr'><strong>Chenepalchius.]</strong></span> <span class='ocrx_word' id='word_1_214' title='bbox 861 3962 956 4012; x_wconf 88' lang='lat' dir='ltr'><strong>See</strong></span> <span class='ocrx_word' id='word_1_215' title='bbox 972 3968 1140 4025; x_wconf 81' lang='lat' dir='ltr'><strong>antea,</strong></span> <span class='ocrx_word' id='word_1_216' title='bbox 1161 3957 1214 4025; x_wconf 75' lang='lat' dir='ltr'><strong>p.</strong></span> <span class='ocrx_word' id='word_1_217' title='bbox 1335 3958 1356 3989; x_wconf 85' lang='lat'><strong>⁴</strong></span> <span class='ocrx_word' id='word_1_218' title='bbox 1381 3962 1557 4011; x_wconf 80' lang='lat' dir='ltr'><strong>Hedde</strong></span> <span class='ocrx_word' id='word_1_219' title='bbox 1590 3959 1879 4026; x_wconf 59' lang='lat' dir='ltr'><strong>episcopua]</strong></span> <span class='ocrx_word' id='word_1_220' title='bbox 1916 3957 2110 4020; x_wconf 89' lang='lat' dir='ltr'><strong>Bishop</strong></span> <span class='ocrx_word' id='word_1_221' title='bbox 2144 3958 2204 4008; x_wconf 86' lang='lat' dir='ltr'><strong>of</strong></span> 
     </span>
     <span class='ocr_line' id='line_1_34' title="bbox 265 4028 2144 4097; baseline -0.004 -11"><span class='ocrx_word' id='word_1_222' title='bbox 265 4041 356 4097; x_wconf 79' lang='lat'><strong>41,</strong></span> <span class='ocrx_word' id='word_1_223' title='bbox 380 4036 410 4097; x_wconf 62' lang='grc' dir='ltr'><strong>ξ</strong></span> <span class='ocrx_word' id='word_1_224' title='bbox 431 4038 520 4083; x_wconf 82' lang='lat'><strong>29.</strong></span> <span class='ocrx_word' id='word_1_225' title='bbox 1267 4033 1603 4083; x_wconf 80' lang='lat' dir='ltr'><strong>winchester.</strong></span> <span class='ocrx_word' id='word_1_226' title='bbox 1673 4033 1769 4083; x_wconf 89' lang='lat' dir='ltr'><strong>See</strong></span> <span class='ocrx_word' id='word_1_227' title='bbox 1789 4034 1905 4080; x_wconf 89' lang='lat' dir='ltr'><strong>note</strong></span> <span class='ocrx_word' id='word_1_228' title='bbox 1928 4028 1966 4090; x_wconf 83' lang='lat'><strong>⁴,</strong></span> <span class='ocrx_word' id='word_1_229' title='bbox 1986 4044 2037 4091; x_wconf 92' lang='lat' dir='ltr'><strong>p.</strong></span> <span class='ocrx_word' id='word_1_230' title='bbox 2064 4032 2144 4079; x_wconf 78' lang='lat'><strong>35.</strong></span> 
     </span>
    </p>

    <p class='ocr_par' dir='ltr' id='par_1_4' title="bbox 323 4099 2124 4173">
     <span class='ocr_line' id='line_1_35' title="bbox 323 4099 2124 4173; baseline -0.002 -19"><span class='ocrx_word' id='word_1_231' title='bbox 323 4103 695 4167; x_wconf 57' lang='lat' dir='ltr'><strong>&#39;Matineseieq</strong></span> <span class='ocrx_word' id='word_1_232' title='bbox 711 4102 1216 4165; x_wconf 58' lang='lat' dir='ltr'><strong>Mmesheieffl.M.</strong></span> <span class='ocrx_word' id='word_1_233' title='bbox 1336 4101 1358 4133; x_wconf 79' lang='lat'><strong>⁵</strong></span> <span class='ocrx_word' id='word_1_234' title='bbox 1379 4099 1571 4173; x_wconf 82' lang='lat' dir='ltr'><strong>Poelt.]</strong></span> <span class='ocrx_word' id='word_1_235' title='bbox 1606 4104 1672 4152; x_wconf 89' lang='lat' dir='ltr'><strong>E.</strong></span> <span class='ocrx_word' id='word_1_236' title='bbox 1694 4120 1708 4164; x_wconf 89' lang='lat'>;</span> <span class='ocrx_word' id='word_1_237' title='bbox 1741 4101 1928 4162; x_wconf 87' lang='lat' dir='ltr'><strong>Woelt,</strong></span> <span class='ocrx_word' id='word_1_238' title='bbox 1951 4100 2021 4149; x_wconf 92' lang='lat' dir='ltr'><strong>D.</strong></span> <span class='ocrx_word' id='word_1_239' title='bbox 2046 4101 2124 4150; x_wconf 90' lang='lat' dir='ltr'><strong>M.</strong></span> 
     </span>
    </p>

    <p class='ocr_par' dir='ltr' id='par_1_5' title="bbox 265 4171 2198 4390">
     <span class='ocr_line' id='line_1_36' title="bbox 339 4171 2198 4237; baseline -0.004 -11"><span class='ocrx_word' id='word_1_240' title='bbox 339 4174 366 4207; x_wconf 78' lang='lat'><strong>⁸</strong></span> <span class='ocrx_word' id='word_1_241' title='bbox 385 4178 561 4225; x_wconf 76' lang='lat' dir='ltr'><strong>Juxta</strong></span> <span class='ocrx_word' id='word_1_242' title='bbox 597 4176 820 4237; x_wconf 74' lang='lat' dir='ltr'><strong>regulam</strong></span> <span class='ocrx_word' id='word_1_243' title='bbox 863 4176 1021 4224; x_wconf 74' lang='lat' dir='ltr'><strong>sancti</strong></span> <span class='ocrx_word' id='word_1_244' title='bbox 1059 4175 1218 4224; x_wconf 75' lang='lat' dir='ltr'><strong>Bene·</strong></span> <span class='ocrx_word' id='word_1_245' title='bbox 1336 4171 1359 4203; x_wconf 78' lang='lat'><strong>⁶</strong></span> <span class='ocrx_word' id='word_1_246' title='bbox 1385 4173 1670 4237; x_wconf 62' lang='lat' dir='ltr'><strong>ngmim]</strong></span> <span class='ocrx_word' id='word_1_247' title='bbox 1718 4172 1952 4235; x_wconf 82' lang='lat' dir='ltr'><strong>Gregory</strong></span> <span class='ocrx_word' id='word_1_248' title='bbox 1992 4171 2077 4219; x_wconf 86' lang='lat' dir='ltr'><strong>the</strong></span> <span class='ocrx_word' id='word_1_249' title='bbox 2109 4171 2198 4220; x_wconf 90' lang='lat' dir='ltr'><strong>Se-</strong></span> 
     </span>
     <span class='ocr_line' id='line_1_37' title="bbox 265 4241 2196 4311; baseline -0.005 -14"><span class='ocrx_word' id='word_1_250' title='bbox 265 4246 445 4311; x_wconf 63' lang='lat' dir='ltr'><strong>dicti]</strong></span> <span class='ocrx_word' id='word_1_251' title='bbox 467 4245 738 4307; x_wconf 85' lang='lat' dir='ltr'><strong>Benedict‚</strong></span> <span class='ocrx_word' id='word_1_252' title='bbox 748 4245 834 4294; x_wconf 87' lang='lat' dir='ltr'><strong>the</strong></span> <span class='ocrx_word' id='word_1_253' title='bbox 845 4245 1058 4295; x_wconf 87' lang='lat' dir='ltr'><strong>founder</strong></span> <span class='ocrx_word' id='word_1_254' title='bbox 1066 4245 1124 4296; x_wconf 87' lang='lat' dir='ltr'><strong>of</strong></span> <span class='ocrx_word' id='word_1_255' title='bbox 1131 4245 1215 4294; x_wconf 89' lang='lat' dir='ltr'><strong>the</strong></span> <span class='ocrx_word' id='word_1_256' title='bbox 1266 4246 1394 4293; x_wconf 86' lang='lat' dir='ltr'><strong>cond</strong></span> <span class='ocrx_word' id='word_1_257' title='bbox 1442 4260 1553 4294; x_wconf 82' lang='lat' dir='ltr'><strong>was</strong></span> <span class='ocrx_word' id='word_1_258' title='bbox 1606 4243 1851 4294; x_wconf 80' lang='lat' dir='ltr'><strong>ordained</strong></span> <span class='ocrx_word' id='word_1_259' title='bbox 1893 4256 2025 4303; x_wconf 89' lang='lat' dir='ltr'><strong>pope</strong></span> <span class='ocrx_word' id='word_1_260' title='bbox 2078 4241 2196 4289; x_wconf 87' lang='lat' dir='ltr'><strong>19th</strong></span> 
     </span>
     <span class='ocr_line' id='line_1_38' title="bbox 269 4311 2195 4390; baseline -0.004 -23"><span class='ocrx_word' id='word_1_261' title='bbox 269 4318 616 4367; x_wconf 87' lang='lat' dir='ltr'><strong>Benedictine</strong></span> <span class='ocrx_word' id='word_1_262' title='bbox 643 4317 810 4379; x_wconf 88' lang='lat' dir='ltr'><strong>order,</strong></span> <span class='ocrx_word' id='word_1_263' title='bbox 847 4316 988 4379; x_wconf 84' lang='lat' dir='ltr'><strong>died,</strong></span> <span class='ocrx_word' id='word_1_264' title='bbox 1011 4317 1216 4365; x_wconf 87' lang='lat' dir='ltr'><strong>accord·</strong></span> <span class='ocrx_word' id='word_1_265' title='bbox 1268 4314 1414 4379; x_wconf 87' lang='lat' dir='ltr'><strong>May,</strong></span> <span class='ocrx_word' id='word_1_266' title='bbox 1447 4314 1588 4366; x_wconf 86' lang='lat' dir='ltr'><strong>A.D.</strong></span> <span class='ocrx_word' id='word_1_267' title='bbox 1612 4319 1741 4390; x_wconf 72' lang='lat'>⁷¹⁵?</span> <span class='ocrx_word' id='word_1_268' title='bbox 1786 4313 1906 4362; x_wconf 88' lang='lat' dir='ltr'><strong>died</strong></span> <span class='ocrx_word' id='word_1_269' title='bbox 1932 4311 2048 4360; x_wconf 85' lang='lat' dir='ltr'><strong>loth</strong></span> <span class='ocrx_word' id='word_1_270' title='bbox 2072 4311 2195 4381; x_wconf 75' lang='lat' dir='ltr'><strong>Feh.</strong></span> 
     </span>
    </p>
   </div>
   <div class='ocr_carea' id='block_1_4' title="bbox 270 4384 1898 4501">
    <p class='ocr_par' dir='ltr' id='par_1_6' title="bbox 270 4384 1898 4501">
     <span class='ocr_line' id='line_1_39' title="bbox 270 4384 1898 4500; baseline -0.002 -63"><span class='ocrx_word' id='word_1_271' title='bbox 270 4390 364 4451; x_wconf 87' lang='lat' dir='ltr'><strong>ing</strong></span> <span class='ocrx_word' id='word_1_272' title='bbox 387 4394 439 4437; x_wconf 89' lang='lat' dir='ltr'><strong>to</strong></span> <span class='ocrx_word' id='word_1_273' title='bbox 461 4387 738 4451; x_wconf 88' lang='lat' dir='ltr'><strong>Mabillon,</strong></span> <span class='ocrx_word' id='word_1_274' title='bbox 761 4388 814 4434; x_wconf 90' lang='lat' dir='ltr'><strong>in</strong></span> <span class='ocrx_word' id='word_1_275' title='bbox 837 4386 921 4435; x_wconf 90' lang='lat' dir='ltr'><strong>the</strong></span> <span class='ocrx_word' id='word_1_276' title='bbox 941 4402 1064 4448; x_wconf 83' lang='lat' dir='ltr'><strong>year</strong></span> <span class='ocrx_word' id='word_1_277' title='bbox 1097 4391 1212 4436; x_wconf 79' lang='lat'><strong>543.</strong></span> <span class='ocrx_word' id='word_1_278' title='bbox 1266 4384 1406 4437; x_wconf 78' lang='lat' dir='ltr'><strong>AJ).</strong></span> <span class='ocrx_word' id='word_1_279' title='bbox 1431 4388 1545 4435; x_wconf 78' lang='lat'><strong>⁷31.</strong></span> <span class='ocrx_word' id='word_1_280' title='bbox 1866 4458 1898 4500; x_wconf 49' lang='grc' dir='ltr'><strong><em>Δ</em></strong></span> 
     </span>
     <span class='ocr_line' id='line_1_40' title="bbox 1815 4458 1881 4501; baseline 0 -23"><span class='ocrx_word' id='word_1_281' title='bbox 1815 4467 1843 4501; x_wconf 61' lang='lat' dir='ltr'><strong>E</strong></span> <span class='ocrx_word' id='word_1_282' title='bbox 1867 4458 1881 4478; x_wconf 60' lang='grc' dir='ltr'><em>ς</em></span> 
     </span>
    </p>
   </div>
  </div>
 </body>
</html>
