3023 5045
258 505 391 552 mn.
427 487 542 571 ιι]
707 504 934 558 cusu
981 505 1236 555 naemu
1285 506 1717 558 memnon.
2038 491 2167 558 301

262 663 443 744 bem,
477 682 620 748 qua
666 663 880 730 fluvio
912 664 1241 730 Tamensi
1283 685 1424 730 non
1479 666 1789 745 alluitur,
1834 665 2004 732 foris
2060 675 2173 732 to-·

265 769 406 828 tam
453 765 794 842 cinxerat,
837 766 1194 849 multaque
1227 766 1518 832 vulnera
1561 766 1822 832 fecerat
1866 774 1938 832 et
1969 787 2166 834 acce-

262 871 488 948 perat.
592 864 871 949 Itaque,
899 865 1138 930 audito
1167 867 1348 949 regis
1379 867 1709 945 adventu,
1746 861 2015 950 ¹fugam
2044 889 2169 952 per

263 984 488 1051 prona
544 964 929 1032 invadunt:
991 967 1403 1032 subsecutus
1451 987 1572 1032 eos
1632 987 1671 1032 e
1726 969 2051 1052 vestigio,
2096 977 2170 1034 et

264 1064 560 1140 transito
604 1066 784 1132 vado
825 1066 1010 1150 quod
1056 1066 1428 1134 Brentford
1472 1067 1747 1146 dicitur,
1793 1068 2169 1134 victoriosa

263 1173 503 1249 strage
559 1166 833 1232 delevit.
972 1166 1275 1250 Reliqua
1332 1167 1729 1247 multitudo,
1791 1188 1950 1254 quae
2010 1188 2168 1234 cum

264 1266 587 1332 Cnutone
637 1273 1087 1345 remanserat,
1117 1268 1484 1332 Edmundo
1531 1269 2035 1352 aliquantulum
2066 1270 2167 1335 fe-

260 1367 442 1433 riato
475 1373 546 1431 et
572 1374 809 1451 partes
853 1385 1020 1432 suas
1052 1376 1530 1452 componente,
1563 1368 1996 1436 Londoniam
2034 1371 2170 1436 ite-

261 1487 416 1534 rum
461 1475 650 1533 terra
676 1468 1090 1553 flumineque
1136 1469 1452 1550 obsidet;
1499 1469 1623 1534 sed
1667 1471 1757 1535 ab
1801 1472 2166 1555 oppidanis

260 1568 796 1651 magnanimiter
827 1570 1297 1652 pugnantibus
1341 1570 1645 1654 repulsa,
1690 1570 1866 1636 iram
1907 1571 1981 1634 in
2024 1572 2167 1637 col-

258 1669 690 1734 limitaneam
733 1669 1071 1734 Merciam
1124 1669 1438 1748 effundit,
1466 1672 1658 1735 vicos
1706 1678 1779 1736 et
1805 1655 2009 1736 villas
2052 1691 2167 1738 ra·

259 1770 470 1854 piniS,
515 1769 876 1848 incendiis,
905 1769 1346 1855 caedibusque
1375 1771 1827 1855 depopulans·
1915 1772 2171 1856 Opima

258 1870 503 1954 praeda
547 1869 638 1934 ad
687 1889 902 1936 naves
955 1878 1291 1950 convecta
1333 1891 1509 1954 quas
1562 1873 1635 1936 in
1682 1891 1883 1937 amne
1926 1872 2169 1938 Mede-

261 1970 476 2053 guaia
519 1978 1108 2054 congregaverat:
1167 1970 1419 2036 fluvius
1473 1972 1593 2038 ille
1638 1972 2014 2038 Rofensem
2047 1994 2166 2038 ur-

260 2072 422 2136 bem
481 2071 986 2154 praeterfluens,
1049 2072 1398 2138 violentus
1455 2081 1527 2137 et
1589 2074 1825 2156 rapaci
1886 2075 2167 2157 gurgite

261 2173 529 2250 minaX,
562 2170 822 2238 moenia
850 2171 1140 2256 pulchra
1169 2171 1387 2240 lavat.
1492 2172 1668 2239 Inde
1696 2194 1971 2259 quoque
2000 2195 2165 2258 rege

261 2279 624 2357 pugnante
695 2272 965 2356 fugata,
1025 2280 1649 2357 praeoccupatoque
1714 2274 1896 2342 vado
1978 2275 2163 2359 quod

257 2372 581 2458 superius
630 2372 984 2439 nominavi
1026 2373 1421 2452 Brentford,
1465 2374 1724 2457 insigni
1770 2374 1959 2441 caede
2003 2396 2165 2460 pro·-

259 2474 530 2559 fligata.
636 2473 1024 2543 Conantem
1067 2473 1358 2540 ulterius
1388 2474 1670 2541 tendere
1701 2474 2164 2557 Edmundum,

257 2583 338 2649 ut
403 2575 732 2659 reliquias
777 2576 1182 2659 praedonum
1237 2584 1767 2661 persequeretur
1810 2577 1900 2642 ad
1950 2577 2165 2644 inter-

261 2676 649 2753 necionem,
693 2676 886 2741 vafer
932 2676 1051 2741 ille
1100 2683 1169 2742 et
1217 2678 1560 2760 pessimus
1611 2677 1902 2745 Edricus
1964 2699 2165 2745 revo-

261 2778 479 2854 cavit,
506 2776 668 2841 ficto
685 2776 1096 2862 jamdudum
1115 2777 1344 2842 animo
1371 2777 1445 2841 in
1480 2777 1780 2860 gratiam
1801 2798 2163 2861 reversus;

262 2877 558 2944 consilio
616 2878 798 2941 enim
851 2877 1192 2945 Cnutonis
1245 2894 1402 2946 cum·
1445 2878 1816 2943 Edmundo
1866 2888 2041 2957 erat,
2086 2888 2166 2947 ut

257 2978 416 3063 ejus
447 2976 930 3043 meditationes
979 2978 1438 3043 renunciaret.
1532 2978 1841 3043 Ultimus
1867 2979 1986 3044 ille
2016 2980 2165 3045 dies

262 3078 496 3149 Danis
540 3077 850 3161 profecto
879 3078 1129 3143 fuisset
1157 3080 1218 3143 si
1246 3078 1831 3162 perseverandum
1862 3100 1987 3145 rex
2033 3100 2164 3164 pu·
2282 3086 2289 3091 '

259 3185 529 3259 tasset3
584 3177 704 3243 sed
751 3187 1148 3262 praeventus
1196 3178 1313 3266 (ut
1355 3176 1539 3265 dixi)
1590 3198 1875 3245 susurro
1930 3180 2163 3264 prodi-

261 3280 465 3356 toriS,
511 3279 634 3362 qui
684 3278 922 3344 hostes
968 3279 1140 3344 nihil
1191 3279 1378 3346 ultra
1424 3298 1717 3345 ausuros
1768 3279 2169 3360 affirmaret,-

256 3387 614 3445 maturum
671 3379 804 3445 sibi
864 3380 1155 3447 exitium
1219 3388 1292 3445 et
1337 3378 1619 3463 Angliae
1674 3382 1808 3447 toti
1867 3382 2167 3465 paravit.

261 3480 592 3563 Namque
642 3478 771 3558 illi,
815 3479 983 3547 data
1010 3481 1128 3547 via
1159 3479 1492 3561 fugiendi,
1538 3480 1787 3547 iterum
1830 3483 1904 3552 in
1951 3500 2168 3552 unum

257 3581 605 3659 coaluere,
636 3579 1031 3645 Orientales
1061 3579 1335 3663 Anglos
1355 3582 1539 3647 bello
1570 3581 1980 3647 infestantes
2005 3602 2023 3661 ;
2060 3583 2166 3666 ip-

257 3699 420 3755 sum
476 3699 751 3765 quoque
813 3700 1071 3764 regem,
1115 3682 1474 3765 suppetias
1547 3681 1903 3760 ferentem,
1979 3683 2165 3766 apud
2192 3708 2334 3751 name
2350 3708 2399 3749 οι

260 3780 759 3870 Assandunam
791 3781 1032 3846 cedere
1063 3789 1461 3864 coegerunt.
1542 3779 1953 3865 Auspicium
1976 3782 2165 3865 fugae
2190 3761 2422 3801 “mm

257 3882 396 3948 fuit
454 3881 574 3948 ille
632 3901 723 3948 ex
799 3881 1143 3961 consulto,
1202 3901 1406 3966 quem
1481 3882 1738 3946 totiens
1808 3884 2165 3948 nominare

255 3984 501 4073 pudet.
607 3981 825 4047 Pauci
859 3984 977 4066 qui
1003 3982 1244 4065 gloriae
1272 4002 1418 4047 suae
1447 4002 1589 4046 non
1619 3984 2167 4061 immemoreS,'et

256 4084 639 4152 alterutros
685 4084 1100 4162 excitantes,
1134 4103 1424 4149 cuneum
1457 4082 1789 4162 fecerant,
1819 4083 1909 4151 ad
1952 4104 2167 4155 unum

621 4325 638 4359 ¹
666 4327 906 4392 Fugam]
941 4325 1008 4379 A.
1039 4330 1098 4379 C.
1122 4329 1194 4379 D.
1216 4329 1282 4379 E.
1306 4329 1400 4389 L.;
1434 4328 1643 4377 omitted
1665 4328 1718 4376 in
1741 4328 1800 4380 S.
