3023 5045
477 1278 739 1320 hamund·-

475 1331 612 1380 night.

489 2981 684 3031 langland
707 2980 771 3021 ‹n-

487 3032 615 3074 vided
633 3034 704 3072 be·

491 3086 628 3123 tween
647 3082 758 3123 Ead-

491 3134 624 3173 mund
642 3134 727 3173 and

489 3184 619 3223 cnut.

793 469 926 534 302
1225 484 1454 532 cns‘rA
1501 482 1757 532 nucum
1804 481 2233 530 ANcLoRuM.
2419 467 2588 548 [mn.
2624 482 2709 530 11.

794 645 1212 729 interempti.
1316 643 1429 709 Ibi
1475 643 1707 708 Cnuto
1754 660 2045 724 regnum
2098 641 2559 724 expugnavit,
2602 641 2715 704 ibi.

795 765 1000 812 omne
1042 746 1256 810 decus
1285 742 1567 826 Angliae
1612 743 1956 819 occubuit,
1985 741 2083 806 ibi
2126 741 2255 806 flos
2300 742 2546 825 patriae
2592 748 2713 806 to-

797 854 912 910 tus
958 847 1333 912 emarcuit:
1394 846 1579 909 inter
1620 862 1796 928 quos
1842 841 2149 908 Ulkillus
2203 841 2710 925 Estanglorum,

797 965 1052 1025 comeS,
1099 954 1506 1030 perpetuam
1541 944 1692 1030 jam
1736 945 1993 1008 famam
2048 944 2339 1007 meritus
2390 950 2705 1026 tempore

798 1046 1056 1125 Swani,
1098 1047 1401 1131 quando,
1432 1047 1698 1130 primus
1741 1045 2046 1109 omnium
2079 1044 2345 1127 piratas
2384 1045 2713 1121 adorsus,

797 1167 991 1231 spem
1016 1148 1206 1213 dedit
1230 1167 1438 1232 posse
1465 1145 1624 1210 illos
1658 1145 1971 1229 superari
1997 1165 2014 1224 ;
2050 1152 2121 1209 et
2156 1137 2513 1227 ¹praecipui
2535 1152 2719 1209 tune·

798 1249 954 1326 viri,
989 1249 1276 1313 abbates
1320 1255 1391 1314 et
1437 1247 1766 1331 episcopi.
1873 1244 2302 1321 EdmunduS,
2334 1245 2499 1311 inde
2521 1265 2704 1328 pene

798 1350 989 1414 solus
1029 1350 1275 1433 pedem
1319 1348 1647 1425 referem,
1696 1346 2177 1411 Gloecestram
2222 1345 2439 1421 venit,
2482 1353 2562 1410 ut
2605 1345 2717 1408 ibi-

799 1450 1186 1516 recollectis
1218 1449 1477 1514 viribus
1506 1448 1743 1513 hostes
1786 1447 2048 1512 recenti
2078 1445 2373 1511 victoria
2392 1445 2708 1523 -otiosos,

800 1551 984 1615 sicut
1031 1551 1347 1638 putabat,
1405 1548 1924 1632 aggrederetur.
2030 1545 2102 1610 N
2105 1566 2183 1611 ec
2230 1545 2535 1610 Cnutoni
2578 1565 2716 1610 au-

800 1650 1003 1715 dacia
1051 1650 1270 1716 defuit
1313 1651 1481 1733 quin
1528 1650 1907 1732 fugientem
1953 1649 2457 1730 insequeretur.
2562 1646 2714 1724 Ita,-

802 1771 959 1817 cum
1003 1752 1274 1816 infestis
1307 1751 1529 1833 signis
1572 1749 2073 1826 constitissent,
2109 1747 2515 1812 Edmundus
2558 1747 2709 1811 sin-

803 1853 1116 1934 gularem
1149 1871 1458 1936 pugnam
1502 1850 1731 1932 petiit,
1761 1869 1865 1922 ne,
1883 1848 2020 1913 duo
2052 1848 2452 1912 homunculi
2496 1867 2713 1931 prop-

804 1958 912 2016 ter
961 1953 1405 2018 ambitionem
1456 1951 1795 2034 regnandi
1860 1956 1967 2014 tot
2018 1949 2487 2032 subjectorum
2532 1967 2713 2012 -san-

805 2053 1015 2134 guine
1071 2054 1540 2137 culparentur,
1590 2070 1749 2115 cum
1803 2045 2089 2133 possent
2148 2050 2297 2113 sine
2347 2048 2715 2132 dispendio

806 2152 1113 2221 fidelium
1173 2172 1455 2218 suorum
1516 2152 1866 2217 fortunam
1931 2150 2255 2233 experiri.
2366 2149 2717 2231 Magnam

805 2254 1118 2318 utrilibet
1169 2253 1441 2318 laudem
1504 2252 1835 2330 futuram,
1894 2252 2016 2335 qui
2080 2269 2209 2316 suo
2271 2250 2717 2334 potissimum

805 2355 1111 2438 periculo
1175 2361 1450 2420 tantum
1505 2372 1798 2436 regnum
1861 2351 2398 2416 nancisceretur.
2529 2350 2723 2415 Haee

808 2473 965 2519 cum
1031 2455 1337 2521 Cnutoni
1395 2455 1992 2531 renunciarentur,
2066 2451 2311 2517 abnuit
2377 2471 2716 2536 prorsus3

809 2558 1298 2640 pronuncians,
1362 2557 1593 2621 animo
1663 2575 1739 2619 se
1800 2554 2078 2638 quidem
2144 2553 2510 2631 excellere,
2588 2554 2721 2619 sed

810 2662 1054 2720 contra
1102 2665 1246 2721 tam
1297 2656 1602 2739 ingentis
1654 2655 1855 2720 molis
1902 2654 2246 2719 hominem
2302 2655 2721 2737 corpusculo

811 2755 1156 2823 diffidere:
1224 2777 1486 2835 verum,
1540 2757 1705 2840 quia
1757 2757 1961 2820 ambo
2013 2775 2154 2820 non
2200 2754 2507 2819 indebite
2556 2774 2723 2839 reg-

811 2876 976 2921 num
1028 2858 1410 2941 efflagitent
1441 2857 1627 2941 quod
1665 2863 1901 2941 patres
1948 2856 2304 2921 amborum
2337 2856 2719 2935 tenuerint,

811 2961 1178 3025 convenire
1221 2959 1609 3042 prudentiae
1655 2964 1734 3021 ut
1778 2956 2113 3040 depositis
2158 2956 2722 3021 animositatibus

809 3052 1168 3142 ²Angliam
1202 3060 1618 3143 partiantur.
1709 3056 2122 3140 Susceptum
2157 3064 2264 3121 est
2290 3057 2433 3121 hoc·
2453 3057 2723 3121 dictum

811 3160 900 3224 ab
947 3167 1246 3244 utroque
1294 3159 1632 3238 exercitu,
1689 3162 2083 3240 magnoque
2152 3169 2467 3223 assensu}
2484 3156 2724 3222 firma·

812 3268 985 3338 tum,
1024 3260 1218 3343 quod
1267 3268 1338 3325 et
1384 3258 1703 3343 aequitati
1756 3257 2286 3341 conquadraret,
2340 3264 2413 3322 et
2458 3264 2724 3323 morta-

810 3360 979 3424 lium
1012 3361 1191 3443 paci,
1219 3367 1326 3425 tot
1341 3360 1635 3425 miseriis
1666 3358 2231 3441 defatigatorum,
2253 3358 2722 3443 placide-con·-

813 3461 1094 3526 suleret.
1143 3508 1148 3513 -
1198 3460 1318 3525 Ita
1362 3460 1795 3537 Edmundus,
1848 3458 2160 3523 unanimi
2203 3460 2504 3524 clamore
2560 3480 2723 3525 om-

813 3562 1004 3625 nium
1067 3568 1459 3645 superatuS,
1510 3559 1900 3625 concordiae
1962 3558 2292 3641 indulsit3
2352 3559 2724 3645 foedusque

813 3680 970 3726 cum
999 3662 1320 3728 Cnutone
1358 3662 1729 3755 percussit,
1774 3660 1908 3725 sibi
1937 3660 2587 3740 West-Saxoniam,
2614 3661 2726 3727 illi

886 3935 903 3965 ¹
927 3938 1182 4003 Proecipui
1204 3942 1318 3987 tunc
1338 3938 1458 3999 viri,
1479 3937 1679 3988 abbates
1692 3943 1742 3987 et
1810 3954 1815 3961 ·
1860 3934 2135 3999 ²Anglz‘am
2143 3937 2475 4003 partiantur]
2497 3940 2728 3991 Accord-

813 4004 1065 4073 episeopi]
1090 4008 1324 4058 Eadnoth
1341 4000 1522 4070 bish'op
1539 4006 1597 4058 of
1610 4009 1744 4057 Dor·
1790 4008 1878 4071 ing
1917 4013 1969 4057 to
2006 4008 2093 4057 the
2129 4009 2299 4057 Saxon
2324 3998 2613 4071 Chronicle,
2635 4010 2724 4061 the

816 4079 1030 4142 chester,
1071 4079 1243 4128 Abbot
1285 4079 1541 4142 Wulsige,
1590 4080 1740 4128 Earls
1790 4079 2012 4141 meeting
2041 4079 2271 4128 between
2295 4079 2434 4130 Cnut
2454 4081 2557 4129 and
2585 4082 2729 4131 Ead-

814 4149 1029 4213 Aelfric,
1074 4148 1345 4215 Godwine,
1389 4150 1490 4199 and
1535 4149 1743 4199 Aethel-
1790 4149 1946 4198 mund
1964 4148 2088 4197 took
2101 4150 2248 4211 place
2265 4154 2320 4210 at
2333 4149 2588 4215 Olanege,
2598 4166 2729 4213 near

815 4220 1010 4337 νὶοωῖὶ,
1053 4234 1138 4269 are
1183 4219 1292 4269 also
1329 4219 1511 4269 named
1558 4235 1741 4283 among
1791 4219 2097 4283 Deerhurst,
2120 4234 2187 4269 an
2209 4220 2378 4270 island
2401 4235 2467 4271 on
2488 4222 2576 4271 the
2587 4223 2730 4273 river

815 4292 838 4337 t
873 4304 901 4337 e
923 4304 948 4339 s
970 4290 1070 4339 ain.
1187 4339 1193 4346 ,
1792 4290 1997 4340 Severn.
