3023 5045
284 489 424 538 mn.
452 474 568 556 11.]
733 491 960 542 essu
1007 493 1264 543 nucum
1311 493 1742 544 memnon.
2054 478 2184 544 3¹71

289 657 362 713 et
411 669 546 732 ego
598 657 670 715 et
719 651 982 736 conjux
1034 651 1269 717 felices
1305 646 1593 716 ¹erimus
1638 653 1701 716 si
1747 671 1792 716 a
1826 651 1974 715 filia
2017 650 2180 715 reli-

289 750 498 830 gione
530 751 700 815 victi
731 751 1111 816 fuerimus.’
1215 753 1334 816 Ita
1381 751 2011 817 sanctimonialium
2057 751 2181 816 ha-

285 849 506 914 bitum
541 850 808 927 induta,
841 859 1132 917 cunctas
1183 852 1460 917 sodales
1496 852 1587 915 ad
1619 870 1925 915 amorem
1958 851 2071 914 sui
2102 852 2177 915 in

286 950 456 1013 urbe
511 949 894 1015 Wintoniae
959 952 1334 1016 sedulitate
1411 951 1729 1035 obsequii
1785 951 2173 1030 invitabat3

287 1067 413 1112 nec
457 1050 908 1133 resupinabat
952 1069 1104 1115 eam
1149 1051 1298 1118 alta
1347 1052 1695 1136 prosapiae
1738 1050 2174 1132 magnitudo,

286 1149 472 1230 quod
519 1169 936 1231 generosum
967 1158 1251 1234 putaret
1281 1153 1356 1215 in
1391 1150 1653 1216 Christi
1684 1150 2005 1214 inclinari
2034 1171 2174 1214 ser-

283 1248 482 1312 vitio.
571 1248 948 1314 Crescebat
977 1270 1134 1315 cum
1163 1259 1374 1316 aetate
1407 1251 1787 1329 sanctitas3
1824 1249 2173 1314 adolesce-

285 1347 406 1411 bat
439 1367 598 1412 cum
633 1349 876 1414 adulta
925 1350 1311 1429 humilitas,
1355 1353 1427 1416 in
1481 1356 1757 1415 tantum
1806 1357 1889 1413 ut
1935 1350 2175 1432 singu-

283 1447 510 1511 larum
559 1467 802 1513 soccos
857 1449 1097 1514 furtim
1156 1458 1367 1516 noctu
1427 1451 1831 1534 surriperet,
1898 1456 1970 1512 et
2020 1449 2175 1513 dili-

285 1554 532 1629 genter
551 1547 734 1613 lotos
763 1555 835 1613 et
866 1549 1189 1615 inunctos
1222 1550 1422 1616 lectis
1457 1543 1737 1614 'rursus
1765 1557 2171 1631 apponeret.

287 1645 759 1731 Quapropter,
809 1649 974 1713 licet
1017 1649 1256 1714 multis
1299 1649 1653 1714 miraculis
1705 1649 1901 1713 Deus
1933 1649 2175 1712 viven-

285 1752 428 1810 tem
475 1747 892 1829 insignierit,
925 1749 1116 1813 istud
1157 1750 1553 1833 exemplum
1596 1749 1819 1830 magis
1852 1749 1925 1810 in
1958 1766 2173 1812 causa

284 1845 613 1928 praedico,
657 1848 842 1930 quod
887 1850 1120 1913 omnia
1151 1868 1366 1932 opera
1399 1848 1553 1933 ejus
1602 1847 1975 1912 inchoabat
2006 1847 2171 1911 cha-

286 1946 462 2010 ritas
517 1953 589 2010 et
639 1949 1166 2014 consummabat
1201 1948 1583 2012 humilitas.
1686 1946 2008 2029 Denique
2052 1946 2171 2011 de-

283 2046 636 2110 votionem
685 2049 988 2129 pectoris
1032 2056 1105 2112 et
1142 2049 1618 2130 integritatem
1666 2047 1977 2129 corporis
2020 2047 2173 2130 ejus

285 2144 646 2224 miracula,
681 2146 754 2210 in
786 2148 938 2211 vita
991 2153 1062 2211 et
1094 2139 1274 2231 'post
1324 2155 1639 2224 mortem,
1690 2145 2173 2210 commendant

282 2243 606 2327 plurima,
646 2265 805 2329 quae
829 2247 1264 2330 templorum
1309 2247 1462 2331 ejus
1518 2247 1757 2310 aeditui
1790 2245 2171 2310 Wintoniae

283 2351 357 2408 et
389 2343 725 2409 Perscore
756 2346 1220 2412 nescientibus
1251 2347 1420 2411 viva
1450 2364 1623 2411 voce
1654 2345 2136 2428 pronunciant.

388 2443 594 2527 §218.
621 2444 884 2527 Edgari
915 2446 1102 2528 regis
1135 2447 1306 2525 filia,
1332 2447 1543 2510 beata
1560 2445 1891 2527 Edgitha,
1916 2444 2173 2509 Wilto-
2197 2469 2256 2509 St.
2276 2468 2473 2519 Edgitha.

285 2544 523 2608 niense
541 2546 958 2625 coenobium,
979 2546 1213 2611 sedem
1230 2547 1492 2612 ossium
1507 2564 1817 2622 suorum,
1829 2538 2171 2609 ³dulcibus

285 2645 560 2709 exuviis
608 2652 928 2724 exornat,
980 2665 1216 2711 amore
1263 2646 1497 2725 fovet3
1552 2646 1694 2722 ubi,
1740 2646 1829 2708 ab
1879 2644 2175 2708 infantia

283 2743 542 2809 scholae
573 2745 960 2810 Dominicae
995 2746 1278 2824 tradita,
1309 2747 1717 2829 incorrupta
1747 2763 2019 2826 semper
2034 2744 2175 2808 vir-

285 2844 584 2925 ginitate
649 2852 722 2909 et
769 2844 1244 2929 ftequentibus
1311 2846 1625 2909 excubiis
1680 2845 1816 2909 Dei
1873 2844 2174 2925 gratiam

285 2943 790 3022 demerebatur,
861 2946 1200 3011 natalium
1255 2953 1599 3010 tumorem
1664 2944 1915 3007 mentis
1982 2943 2175 3025 inge-

283 3044 556 3107 nuitate
619 3064 962 3127 premens,
1087 3046 1324 3110 Unum
1390 3064 1435 3108 a
1492 3044 1630 3128 maj
1638 3044 1874 3109 oribus
1938 3042 2177 3126 accepi

285 3142 475 3226 quod
510 3162 648 3207 non
691 3142 1130 3209 mediocriter
1150 3144 1492 3228 judicium
1526 3143 1916 3207 offendebat
1959 3141 2177 3205 homi-

285 3261 477 3319 num,
531 3242 782 3307 fallens
815 3244 1141 3309 videlicet
1194 3244 1432 3309 oculos
1485 3262 1722 3308 eorum
1772 3248 2173 3306 auratarum

285 3350 634 3425 apparatu
681 3344 1022 3423 vestium3
1086 3344 1428 3425 siquidem
1493 3343 1903 3408 cultioribus
1969 3342 2171 3405 indu-

285 3442 539 3505 mentis
594 3442 862 3526 jugiter
923 3450 1174 3509 ornata
1244 3442 1649 3528 procederet
1708 3462 1918 3526 quam
1984 3441 2171 3504 illius

284 3533 310 3571 ⁴
327 3541 776 3625 professionis
853 3544 1250 3608 sanctitudo
1321 3549 1753 3627 exposceret.
1860 3540 2065 3605 Unde
2130 3560 2173 3603 a

281 3649 528 3706 sancto
566 3642 998 3708 Ethelwoldo
1040 3643 1274 3726 palam
1316 3644 1700 3726 increpata,
1735 3639 2175 3726 respondisse

283 3740 527 3820 fertur,
569 3762 698 3806 nec
737 3743 972 3831 inepte
1021 3762 1148 3807 nec
1189 3742 1509 3821 infacete,
1546 3748 1566 3777 ‘
1592 3742 1835 3807 Verax
1888 3747 1960 3806 et
2010 3741 2177 3804 irre-

357 4059 649 4133 ¹Erim.]
683 4064 751 4118 Α.
802 4068 862 4116 e.
897 4067 968 4118 D.
1003 4069 1069 4118 E.
1109 4069 1208 4131 L.;
1331 4068 1660 4134 ³Duzcibus]
1707 4069 1773 4121 A.
1799 4071 1857 4122 s,
1886 4072 2172 4122 anm.

284 4134 494 4183 omitted
515 4135 570 4183 in
593 4135 653 4186 S.
1262 4140 1356 4199 L.;
1390 4140 1631 4202 ducibus,
1652 4141 1700 4188 E
1716 4145 1763 4191 1.

355 4199 378 4234 ²
417 4203 653 4267 Rursum]
717 4208 787 4257 D.
833 4208 934 4269 E.;
990 4222 1212 4273 nusum,
1329 4208 1352 4239 ⁴
1370 4210 1742 4275 Prqrmioninj
1761 4209 1827 4261 A.
1844 4213 1905 4262 C'.
1925 4211 1995 4261 D.
2016 4211 2152 4260 E.L.
2173 4226 2189 4271 ς

285 4272 352 4325 Δ.
379 4274 436 4323 S.
462 4275 524 4326 C.
548 4275 612 4326 L.
1265 4280 1474 4331 omitted
1495 4281 1549 4329 in
1572 4281 1631 4331 S.

1844 4371 1984 4416 2132
