3023 5045
493 2088 754 2128 Statements

492 2139 541 2176 of
553 2140 696 2178 saxon
707 2138 793 2178 and

473 2189 476 2192 ’
493 2189 534 2227 N
537 2199 688 2228 ormsn
705 2189 793 2229 his-

491 2241 650 2300 torlans
661 2243 706 2280 st
719 2251 792 2280 va-

493 2300 649 2330 nance.

491 2803 601 2843 A.D.
625 2806 736 2845 1⁰51.

809 495 942 561 334
1255 509 1483 559 cns‘rA
1531 507 1788 558 ancum
1834 506 2263 557 Amazonum.
2433 491 2608 574 [ms.
2644 507 2725 554 11.

812 673 1094 752 pectore
1124 667 1431 732 omnium
1473 667 1859 734 liberalium
1894 667 2147 732 artium
2194 676 2381 731 esset
2420 685 2716 751 gymna-

813 768 1018 845 sium,
1048 768 1169 834 sed
1213 787 1504 850 parvum
1544 769 1617 834 in
1656 768 2023 833 mundanis
2068 769 2273 832 rebus
2314 768 2711 850 ingenium3

814 889 1022 953 quam
1053 888 1210 932 cum
1227 869 1523 947 videres,
1556 861 1575 900 ¹
1590 869 1651 932 si
1675 869 1913 934 literas
1942 876 2281 953 stuperes,
2306 868 2717 932 modestiam

814 977 1004 1034 certe
1073 969 1286 1032 animi
1364 977 1436 1034 et
1509 970 1811 1052 speciem
1886 970 2196 1052 corporis
2266 969 2711 1033 desiderares.

818 1069 1023 1146 Haec,
1053 1076 1125 1133 et
1153 1069 1314 1134 vivo
1340 1069 1593 1133 marito
1624 1077 1697 1134 et
1722 1076 2019 1147 mortuo,
2055 1069 2289 1153 probri
2319 1070 2716 1152 suspicione

815 1189 956 1234 non
978 1169 1201 1233 caruit
1223 1189 1240 1249 3
1272 1169 1418 1247 sed,
1438 1163 1765 1234 ²moriens
1787 1177 2097 1253 tempore
2118 1164 2504 1248 ⁸Willelmi,
2517 1170 2713 1253 jure-

805 1270 1110 1354 jurando
1151 1271 1541 1335 astantibus
1572 1270 1659 1335 de
1704 1277 2044 1353 perpetua
2084 1270 2483 1353 integritate
2528 1270 2717 1335 ultro·

813 1370 1174 1434 satisfecit.
1279 1370 1596 1452 Nuptam
1640 1371 1772 1435 sibi
1814 1391 1942 1435 rex
1982 1371 2114 1435 hac
2157 1378 2309 1435 arte
2339 1371 2712 1448 tractabat,

815 1477 897 1536 ut
942 1490 1070 1535 nec
1113 1471 1316 1560 thoro
1367 1478 1743 1549 amoveret,
1794 1491 1921 1535 nec
1954 1471 2137 1536 virili
2180 1490 2371 1536 more
2418 1490 2715 1554 cognos-

817 1577 1047 1636 ceret:
1096 1571 1281 1653 quod
1329 1589 1422 1635 an
1469 1565 1790 1636 4familiae
1838 1571 2027 1636 illius
2082 1571 2267 1649 odio,
2318 1571 2503 1654 quod
2547 1591 2713 1656 pru-

815 1670 1058 1736 denter
1085 1670 1571 1736 dissimulabat
1607 1692 1735 1756 pro
1778 1679 2113 1755 tempore,
2156 1690 2248 1735 an
2277 1690 2510 1736 amore
2560 1691 2715 1736 cas·

815 1771 1042 1836 titatis
1091 1771 1356 1849 fecerit,
1403 1792 1531 1855 pro
1576 1779 1769 1836 certo
1801 1779 2231 1855 compertum
2278 1792 2419 1836 non
2462 1771 2711 1837 habeo.

819 1869 1007 1937 Illud
1052 1871 1492 1937 celeberrime
1542 1871 1784 1950 fertur,
1839 1891 2196 1955 nunquam
2240 1872 2438 1937 illum
2478 1872 2718 1957 cujus-

817 1990 1025 2053 quam
1082 1972 1389 2037 mulieris
1449 1973 1903 2038 contubernio
1965 1973 2369 2056 pudicitiam
2426 1973 2717 2039 laesisse.

818 2070 956 2136 Sed
1010 2073 1178 2156 quia
1235 2073 1324 2136 ad
1381 2073 1452 2136 id
1507 2073 1821 2138 locorum
1865 2079 2150 2138 ventum
2200 2080 2332 2151 est,
2386 2073 2718 2138 lectorem

817 2173 1298 2255 praemonitum
1330 2173 1491 2239 volo
1522 2173 1709 2257 quod
1739 2173 1850 2237 hic
1878 2175 2079 2258 quasi
2126 2173 2501 2257 ancipitem
2529 2175 2724 2239 viam

817 2273 1236 2337 narrationis
1284 2273 1509 2351 viden,
1555 2275 1721 2356 quia
1768 2274 2027 2339 veritas
2079 2273 2420 2340 sactorum
2462 2275 2722 2357 pendet

815 2373 891 2437 in
937 2374 1170 2438 dubio.
1271 2373 1627 2456 Siquidem
1668 2374 2067 2458 aliquantos
2097 2374 2546 2439 Normannos
2592 2395 2719 2440 rex

817 2473 1254 2553 accersierat,
1285 2473 1406 2558 qui
1435 2474 1601 2542 olim
1630 2475 1935 2560 inopiam
1982 2475 2209 2543 exulis
2254 2475 2572 2559 pauculis
2599 2477 2720 2541 be-

819 2574 1082 2639 neficiis
1141 2576 1498 2655 levarant3
1559 2576 1740 2640 inter
1790 2596 1965 2660 quos
2010 2571 2460 2655 ⁵Robertum,
2513 2597 2719 2660 quem

817 2694 910 2738 ex
940 2675 1279 2740 monacho
1307 2674 1845 2741 Gemmetic'ensi
1881 2678 2281 2761 episcopum
2313 2676 2721 2756 Londoniae,

819 2782 893 2839 et
951 2783 1113 2859 post
1185 2776 1780 2860 archiepiscopum
1852 2777 2278 2855 cantuariae,
2350 2784 2718 2844 statuerat.

887 3050 904 3083 ¹
947 3053 1010 3103 Si
1047 3054 1220 3102 literas
1255 3048 1517 3117 stupes-ea]
1562 3052 1743 3113 Ingul-
1790 3052 2110 3103 winchester
2160 3067 2314 3103 seven
2356 3052 2491 3115 days
2545 3054 2717 3104 before

815 3122 972 3185 phus,
1039 3124 1273 3184 alluding
1342 3128 1396 3171 to
1467 3122 1743 3184 Eadgithe,
1792 3123 2074 3172 Christmas
2096 3121 2251 3188 (Dec.
2278 3118 2387 3186 19),
2406 3124 2462 3171 in
2482 3124 2571 3173 the
2598 3139 2719 3187 year

816 3195 1024 3243 writes:
1057 3193 1073 3221 ‘
1093 3194 1280 3243 Puella
1299 3186 1661 3254 pulcherrima,
1683 3194 1747 3241 li-
1795 3196 1950 3255 10753
1973 3194 2075 3242 and
2090 3208 2203 3243 was
2222 3194 2403 3243 buried
2425 3194 2555 3243 with
2578 3200 2719 3257 great

816 3264 940 3313 teris
955 3265 1182 3325 apprime
1199 3264 1400 3313 erudita
1416 3263 1449 3324 ς’
1468 3263 1570 3311 and
1590 3263 1743 3312 ‘Vidi
1790 3278 1943 3326 pomp
1977 3265 2031 3312 in
2065 3263 2151 3316 the
2174 3278 2314 3313 same
2350 3279 2505 3325 grave
2540 3279 2603 3314 as
2628 3266 2717 3315 her

817 3348 914 3396 ego
951 3334 1092 3382 illam
1135 3334 1445 3393 multotiens,
1489 3347 1607 3382 cum
1650 3347 1744 3394 pa·
1790 3333 2044 3395 husband,
2109 3339 2164 3383 at
2217 3334 2593 3395 Westminster,
2652 3337 2717 3397 by

816 3408 944 3453 trem
981 3418 1150 3453 meum
1193 3404 1248 3452 in
1289 3404 1426 3466 regis
1458 3403 1605 3452 curia
1638 3416 1745 3451 mo·
1790 3404 2055 3453 command
2093 3404 2153 3455 of
2184 3404 2411 3457 william
2456 3406 2545 3457 the
2590 3406 2717 3455 Con-

817 3478 1013 3525 tantem
1059 3474 1230 3523 adhuc
1274 3488 1405 3535 puer
1454 3472 1744 3533 inviserem,
1790 3488 1989 3536 queror.

817 3549 871 3594 et
905 3544 1096 3605 saepius
1120 3543 1246 3593 mihi
1285 3544 1350 3592 de
1387 3541 1575 3592 scholis
1606 3544 1745 3591 veni-
1861 3565 1884 3599 ῃ
1913 3567 2200 3633 ”rithmi-J
2238 3570 2299 3617 c·
2336 3568 2407 3619 D·
2448 3568 2514 3618 E·
2536 3583 2551 3597 .
2586 3584 2639 3619 re
2678 3570 2719 3618 ο,

818 3616 923 3664 enti
972 3615 1037 3663 de
1097 3614 1258 3664 literis
1312 3614 1374 3662 alc
1416 3628 1571 3662 versu
1630 3627 1743 3663 meo
1789 3636 2034 3689 Wfflelmi
2078 3637 2146 3689 A·
2166 3639 2224 3689 S·
2248 3640 2312 3689 L
2534 3605 2551 3631 ’
2642 3584 2691 3632 gl

818 3685 1122 3747 apponebat,
1192 3697 1308 3734 cum
1379 3697 1694 3732 occurrerem
1726 3698 1743 3744 ;
2040 3675 2091 3737 ἶ,

817 3760 872 3805 et
911 3755 1242 3805 libentissime
1295 3753 1360 3802 de
1417 3753 1745 3815 grammatica
1860 3722 2178 3807 [Famam]
2212 3724 2375 3821 An&
2415 3724 2485 3775 D.
2521 3726 2589 3777 E.
2622 3726 2718 3788 L.;

821 3825 1075 3875 soliditate
1112 3825 1179 3874 ad
1216 3824 1435 3886 logicam
1466 3824 1745 3886 levitatem,
1789 3796 1962 3858 ΜΗΘ»
1987 3797 2049 3847 C·

821 3910 924 3956 qua
959 3896 1194 3956 callebat,
1215 3894 1494 3955 declinans,
1516 3908 1631 3942 cum
1665 3906 1745 3942 ar-
1856 3887 1878 3917 ⁸
1904 3889 2190 3951 Rebas-tum,
2225 3904 2363 3952 quem
2395 3903 2461 3939 ex
2495 3889 2719 3939 monacho

820 3970 1169 4028 gumentorum
1192 3965 1368 4015 subtili
1396 3965 1639 4026 ligamine
1660 3978 1741 4013 me
1795 3960 2723 4023 Gemmeticmiepiscopummmonioe,

819 4036 1170 4097 conclusisset,
1211 4049 1411 4096 semper
1452 4035 1618 4082 tribus
1653 4039 1745 4082 aut
1790 4036 1841 4079 et
1858 4034 1969 4093 post
1982 4030 2395 4094 archiepiscopum
2414 4031 2717 4091 Cantus-ia,

821 4111 1040 4167 quatuor
1075 4106 1293 4155 nummis
1324 4119 1417 4166 per
1448 4103 1743 4153 ancillulam
1791 4104 2048 4150 statuerat.
2075 4097 2103 4166 ]
2161 4100 2352 4149 Robert
2404 4114 2519 4149 was
2573 4100 2715 4149 made

817 4178 1112 4237 numeratis,
1127 4175 1194 4224 ad
1208 4175 1403 4237 regium
1426 4189 1563 4236 penu
1579 4179 1745 4224 tram-
1792 4170 2096 4232 archbishop
2118 4170 2177 4219 of
2205 4170 2527 4232 Canterbury
2547 4171 2601 4219 in
2634 4170 2713 4219 the

817 4247 978 4307 misit,
998 4250 1050 4293 et
1072 4244 1311 4294 refectum
1333 4245 1564 4294 dimisit!
1792 4256 1918 4304 year
1968 4244 2093 4289 1051
2158 4238 2305 4306 (Su.
2352 4238 2570 4305 Chron.)
2618 4239 2711 4289 and

888 4313 910 4345 ²
943 4314 1204 4378 Moriens]
1242 4314 1494 4376 Eadgithe
1534 4313 1654 4364 died
1688 4317 1742 4361 at
1793 4312 2032 4375 expelled
2054 4311 2105 4360 in
2129 4311 2215 4361 the
2238 4310 2501 4373 following
2524 4325 2659 4373 year.
